3417 4692
443 410 508 489 ΙΝ
532 408 1123 490 ,ῦΕΝΕὸΙΜἩΟΜῙῑΙΑ
1146 411 1206 493 ΙΧ.
1306 435 1378 492 aaa

314 577 457 667 Deum,
476 577 606 651 iterum
617 576 684 652 tibi
697 575 832 672 reddit,
851 577 950 671 quod
960 579 1156 673 obtuleris,
1184 577 1319 653 &dicit
1331 580 1378 655 tl-

316 680 377 774 bi,
405 677 486 771 quia
502 683 617 750 iterum
635 680 786 750 videbitis
798 703 855 765 ros,
881 682 921 756 U
933 683 1078 774 gaudebit
1091 706 1142 751 cor
1156 681 1309 778 nmirum,
1336 681 1377 755 {5

311 783 463 875 gaudium
490 780 739 870 vestrum‘nemo
764 779 892 876 auferes
913 807 934 850 o
958 782 1056 853 uobis.
1106 777 1166 852 sic
1189 799 1275 875 argo
1298 801 1376 870 quoa

318 879 494 954 obtuleris
514 877 620 971 Deo,
645 876 879 974 multiplicata
899 879 1062 972 recipies.
1114 878 1207 952 Tale
1222 878 1375 972 aliquid,

318 980 405 1053 licet
418 997 481 1070 per
495 977 595 1051 aliam
613 972 785 1076 figuram,
811 975 967 1052 refertur
984 980 1020 1052 in
1038 976 1266 1078 Evangeliis,
1294 997 1377 1052 cum

318 1100 382 1174 per
398 1079 603 1172 parabolam
619 1077 748 1150 dicitur
764 1075 938 1173 accepiffe
955 1081 1032 1172 quis
1047 1101 1186 1170 mnam,
1203 1092 1245 1150 ut
1264 1099 1377 1174 nego·

322 1178 524 1251 ciaretur&
547 1176 788 1271 patrifamilias
813 1178 999 1269 pecuniam
1023 1193 1208 1270 quareret.
1259 1178 1329 1249 Sed
1350 1178 1392 1252 ss·

321 1278 481 1351 attuleris
500 1277 657 1370 quinque
673 1278 907 1369 multiplicata
923 1278 1124 1369 indecem,
1150 1278 1215 1350 tibi
1232 1278 1295 1372 ipsr
1311 1277 1376 1349 do·

319 1392 480 1472 nantur,
512 1377 578 1449 tibi
599 1376 859 1453 conceduntur.
910 1375 1006 1452 Audi
1031 1379 1126 1452 enim
1157 1375 1240 1470 quid
1265 1377 1377 1451 dicit:

325 1473 461 1560 Tollite,
486 1476 625 1568 inquit,
651 1477 723 1545 huis·
740 1500 845 1546 mnam
863 1474 903 1554 (5
916 1479 987 1550 dato
1006 1481 1072 1565 idi,
1096 1475 1258 1594 qui'ltobet
1279 1483 1379 1548 decem

321 1599 424 1658 mnas.
473 1574 533 1647 Sic
554 1596 641 1671 ergo
655 1576 829 1670 videmur
842 1577 984 1668 quidem
999 1573 1162 1676 Domino
1178 1576 1376 1671 negotiari,

319 1675 379 1750 sed
405 1676 512 1750 nobis
543 1674 677 1748 cedunt
700 1676 963 1771 negociationis
984 1678 1107 1752 lucra:
1145 1677 1180 1751 o
1211 1677 1378 1750 videmus

318 1775 452 1849 offerre
465 1774 627 1850 Domino
639 1774 788 1866 hostias,
802 1773 862 1849 sed
877 1776 998 1868 nobis,
1015 1797 1093 1869 quae
1105 1775 1304 1870 offerimus,
1321 1795 1378 1850 re·

253 1953 257 1960 ,
317 1876 508 1951 donantur.
560 1872 661 1947 Deus
681 1874 777 1950 enirn
795 1877 925 1949 nullius
945 1875 1101 1972 indiget,
1126 1873 1187 1951 sed
1207 1895 1275 1950 nos
1296 1879 1380 1951 vult

317 1975 448 2050 divites
474 1969 568 2069 effe,
605 1973 765 2048 nostrum
791 1973 963 2048 desiderat
985 1996 1049 2067 per
1071 1975 1204 2074 singula
1229 1997 1380 2069 quaeque

316 2074 529 2169 proredium.
555 2071 643 2147 Haec
658 2075 765 2148 nobis
782 2071 896 2170 figura
913 2073 1111 2148 ostenditur
1128 2076 1234 2149 etiam
1247 2078 1283 2150 in
1300 2078 1377 2170 his,

318 2196 395 2268 quae
415 2174 509 2271 gesta
529 2169 610 2245 sunt
624 2194 706 2271 erga
725 2174 811 2270 Job.
836 2172 887 2247 Et
900 2174 961 2246 ille
982 2176 1075 2249 enim
1089 2191 1242 2268 propter
1259 2177 1379 2252 Deum

316 2275 472 2371 perdidit
493 2273 632 2364 omnia,
655 2293 737 2346 oum
765 2274 869 2347 dives
886 2270 985 2349 effet.
1037 2274 1108 2348 Sed
1126 2278 1208 2366 quia
1226 2277 1380 2368 pertulit

318 2377 413 2449 bene
429 2393 561 2472 agones
578 2372 771 2466 patientiae,
783 2373 817 2447 u
831 2374 871 2448 in
883 2372 1073 2467 omnibus,
1088 2393 1166 2467 qnae
1180 2370 1294 2469 pallus
1311 2374 1377 2470 est,

318 2473 559 2570 magnanimus
575 2470 666 2565 fuit,
692 2471 725 2545 dr
746 2473 861 2548 dixit:
894 2475 1180 2560 minimissimis,
1218 2483 1380 2546 Dominus

319 2575 469 2671 alsindis:
496 2589 534 2642 ut
561 2577 697 2643 Dondm
714 2574 860 2667 μηκέτ,
896 2573 946 2642 ita
965 2572 1089 2664 folium
1106 2572 1167 2671 est,
1198 2574 1239 2664 fir
1263 2599 1379 2648 nomen

322 2677 461 2747 Domini
473 2670 681 2744 lenediiium:
707 2671 792 2743 vide
802 2669 1032 2765 adultimum,
1047 2672 1131 2764 quid
1142 2672 1187 2746 de
1200 2691 1248 2745 eo
1259 2670 1389 2747 scribi.
1415 2698 1418 2704 ·

320 2773 389 2847 bur
398 2798 420 2847 t·
436 2775 578 2868 Recepit,
592 2772 729 2864 inquit,
743 2777 849 2842 omnia
862 2771 975 2867 dupla,
996 2796 1064 2869 qua
1076 2772 1235 2862 omiserat.
1262 2771 1378 2848 Vides

323 2871 478 2966 quidest
500 2871 662 2945 amittere
687 2870 818 2964 aliquid
837 2889 908 2963 pro
934 2870 1043 2964 Deo,
1068 2869 1141 2946 hoc
1165 2869 1237 2963 est,
1262 2874 1393 2968 multi-¹

321 2973 453 3068 plicata
477 2972 638 3066 recipere
656 2967 738 3056 ¹tibi.
789 2966 838 3042 Et
866 2972 997 3061 aliquid
1013 2972 1161 3064 amplius
1181 2968 1386 3068 Evangelia

322 3072 564 3167 promittunt,
595 3071 800 3166 centuplum
828 3071 892 3144 tibi
913 3069 1154 3164 pollicentur,
1188 3068 1329 3162 insuper
1342 3072 1395 3146 dt·

321 3172 435 3245 vitam
450 3184 639 3263 aetemam,
664 3170 701 3244 in
715 3167 859 3244 Christo
873 3167 955 3265 Jeiu
972 3168 1135 3243 Domino
1148 3169 1294 3262 nostro,
1320 3172 1382 3248 cui

323 3267 376 3345 est
389 3270 504 3369 gloria
517 3271 550 3344 dt
564 3271 750 3388 imperium
763 3272 803 3344 in
817 3266 1172 3346 sae'culasaeculorum.
1197 3270 1329 3346 Amen.
1383 3309 1390 3338 s

607 3567 777 3680 HQM
802 3579 819 3657 I
842 3577 874 3653 L
899 3578 974 3654 1A
1023 3574 1086 3656 IX.
1199 3595 1202 3600 '
1383 3633 1388 3642 -

392 3720 446 3794 De
471 3713 751 3817 repromffonibus
777 3717 925 3814 ficundis
949 3723 990 3794 od
1014 3717 1178 3794 Abrohom
1197 3719 1312 3815 foliis.
1383 3729 1386 3734 '

323 3861 563 4035 Quantum
580 3863 741 3960 legentes
759 3855 1033 3960 progredimur,
1058 3875 1196 3936 tantum
1212 3863 1317 3936 nobis
1331 3855 1380 3976 sa·

442 3978 706 4039 crementorum
729 3967 890 4038 cumulus
912 3976 1073 4058 augetur.
1122 3954 1178 4034 Et.
1198 3975 1240 4035 ut
1257 3962 1280 4036 ir
1300 3979 1392 4053 quss-

322 4061 454 4160 exiguo
476 4059 600 4140 ociosi
618 4064 768 4163 mvigio
785 4062 1004 4170 ingrediatur
1018 4080 1145 4162 mata,
1168 4060 1391 4226 donecgm..
