3417 4692
455 407 523 490 ru
547 365 840 484 oruasm'r
858 365 1143 488 nouum
1165 405 1235 487 av,
1310 395 1410 512 191·

316 576 406 650 tiam
431 570 669 646 adstruentes
693 568 751 664 ei,
787 567 846 644 sed
871 570 922 643 ita
946 569 1201 668 intelligimus,
1231 572 1328 666 quod
1346 574 1386 650 hi

270 763 283 775 ἱ
316 695 475 768 quorum
495 670 589 745 actus
612 670 698 745 Deo
720 669 771 744 est
789 671 977 768 indignus,
1001 671 1135 766 indigni
1159 675 1264 747 etiam
1288 676 1385 747 noti·

315 777 368 850 tia
394 773 466 848 Dei
491 772 665 846 dicantur.
727 768 818 844 Non
848 772 943 846 enim
971 770 1136 868 dignatur
1159 772 1260 846 Deus
1283 774 1397 850 noffe'

319 895 424 957 eum,
460 869 685 964 quieverint
714 867 765 944 est
785 871 829 945 ab
851 891 925 963 eo,
965 867 1166 968 &ignorat
1192 893 1284 949 eum.
1335 872 1386 948 Et

319 973 405 1049 ideo
417 972 504 1047 dicit
515 969 735 1068 Apostolus,
750 959 918 1064 quonism
933 977 988 1070 qui
1001 975 1147 1065 ignorat,
1174 974 1386 1067 ignorabitur.

314 1069 399 1147 Tali
417 1092 504 1170 ergo
519 1070 658 1164 specie,
685 1070 719 1145 dt
737 1089 833 1145 nunc
851 1071 896 1144 de
916 1071 992 1165 his,
1010 1072 1071 1164 qui
1085 1069 1248 1145 habitant
1261 1074 1299 1148 in
1318 1073 1389 1148 So?

317 1173 435 1249 domis
448 1171 598 1261 dicitur,
618 1185 679 1263 ut,
694 1169 863 1266 iiquidem
876 1167 1068 1246 secundum
1085 1165 1302 1268 clamorem,
1321 1173 1392 1268 qui

317 1270 476 1347 ascendit
499 1271 543 1344 ad
571 1270 769 1352 Dominum
788 1269 884 1345 aetus
913 1291 1039 1345 eorum
1070 1269 1387 1370 consummentur,

314 1369 955 1547 arannnamn
971 1370 1387 1568 ιιι

520 1524 533 1565 i
1367 1525 1384 1569 9

316 1573 369 1646 ita
391 1573 534 1647 demum
561 1572 712 1646 noverit
737 1591 804 1645 eos
831 1570 945 1647 Deus.
995 1570 1046 1646 Et
1067 1572 1152 1646 ideo
1178 1572 1292 1648 dixit:
1317 1578 1387 1646 Sin

318 1691 452 1761 aurem,
478 1672 640 1773 nesciam.
690 1667 782 1747 Non
800 1671 913 1765 dixit,
937 1669 1120 1765 utsciam,
1152 1673 1236 1766 quid
1251 1686 1384 1770 agunt,

317 1773 379 1848 sed
394 1787 436 1847 ut
451 1769 547 1868 ipsos
566 1770 693 1867 sciam,
720 1773 756 1846 dt
771 1767 918 1846 scientia
936 1793 1015 1846 mea
1032 1771 1159 1870 dignos
1183 1770 1333 1867 faciam,
1357 1773 1386 1851 fl

319 1893 411 1968 quos
430 1873 468 1947 in
486 1872 566 1968 ipsrs
585 1872 766 1948 inveniam
780 1869 922 1966 iustos,
955 1871 1088 1965 siquos
1111 1872 1292 1948 inveniam
1311 1895 1387 1969 poe·
1427 1881 1431 1888 “

316 1972 503 2066 nitentes,
527 1971 660 2067 fiquos
677 1971 789 2066 tales,
813 1991 905 2065 quos
922 1971 1071 2046 debeam
1090 1970 1189 2048 scire.
1216 1971 1387 2066 Denique

319 2073 554 2167 quianullus,
572 2072 857 2167 quipoeniteret,
872 2072 1011 2166 nullus,
1030 2073 1090 2164 qui
1104 2086 1386 2148 converteretur

318 2174 406 2247 aliua
427 2174 598 2247 inventus
617 2171 690 2261 est,
713 2182 843 2268 praeter
860 2170 987 2267 Loth,
1013 2172 1085 2265 ipse
1106 2170 1386 2271 solus‘agnosci·

317 2287 404 2366 tur,
434 2270 506 2367 ipse
534 2271 630 2346 iblus
658 2271 703 2346 de
726 2271 898 2346 incendio
921 2271 1104 2348 liberatur.
1155 2271 1238 2348 Nec
1260 2271 1388 2372 generi

318 2371 514 2466 redduntur
537 2372 732 2465 admoniti,
757 2393 827 2446 nec
842 2371 979 2467 vicini,
1010 2393 1080 2446 nec
1100 2375 1281 2468 proximi,
1306 2376 1387 2447 nul·

317 2473 374 2546 lus
396 2469 619 2569 cognoscere
634 2471 756 2547 voluit
771 2473 996 2546 clementiam
1013 2470 1108 2563 Dei,
1125 2474 1244 2546 nullus
1262 2472 1306 2545 ad
1321 2471 1386 2546 mi-

316 2567 545 2647 sericordiam
560 2574 635 2666 ejtu
651 2571 860 2672 confugere.
889 2571 1030 2644 idcirco
1045 2569 1079 2645 u
1092 2573 1211 2645 nullus
1228 2569 1386 2669 agnosci·

317 2685 388 2747 tur.
440 2667 529 2746 Haec
547 2672 689 2765 quidem
707 2669 875 2745 adversus
891 2690 988 2765 eos,
1015 2671 1076 2763 qui
1099 2671 1323 2764 iniquitatem
1346 2671 1386 2746 in

317 2767 494 2846 excelsum
512 2773 721 2864 loquuntur.
771 2769 854 2845 Nos
873 2791 966 2845 vero
984 2789 1132 2866 operam
1150 2770 1273 2846 demus
1292 2773 1388 2844 talen

318 2869 411 2947 e'ffici
432 2870 527 2946 adius
553 2870 723 2967 nostros,
748 2871 855 2946 talem
875 2869 1190 2945 conversationem
1205 2867 1384 2966 nostram,

317 2984 362 3046 ut
387 2961 485 3069 digni
503 2973 695 3046 habeamur
713 2970 845 3047 notitia
869 2969 969 3064 Dei,
996 2986 1039 3045 ut
1056 2991 1126 3044 nos
1153 2967 1243 3044 scire
1262 2971 1387 3069 digne·

318 3075 402 3165 t'ur,
427 3086 469 3144 ut
487 3072 581 3168 digni
597 3073 790 3148 habeamur
805 3072 937 3146 notitia
953 3067 1018 3146 iiiii
1036 3072 1111 3166 ejus
1128 3067 1211 3168 Jcsu
1226 3067 1385 3168 Christi,

317 3173 452 3246 notitia
471 3169 622 3264 Spiritus
638 3167 765 3248 santii:
793 3184 836 3245 ut
852 3172 961 3270 agniti
982 3193 1001 3245 a
1022 3167 1232 3266 Trinitate,
1259 3169 1386 3245 &nor

317 3265 574 3345 sacramentum
597 3269 785 3346 Trinitatis
808 3273 914 3366 piene
943 3269 978 3344 u
1001 3271 1140 3368 integre
1169 3269 1387 3365 &perfode
1471 3291 1475 3306 ·

319 3389 520 3448 mereamur
533 3369 746 3470 agnoscere,
760 3373 949 3446 revelante
958 3371 1066 3446 nobis
1080 3369 1244 3446 Domino
1256 3369 1387 3446 nostro

318 3468 401 3566 Jesu
424 3467 591 3568 Christo,
630 3471 688 3546 cui
704 3469 757 3550 est
779 3471 916 3574 dotia,
941 3471 1184 3569 &imperium
1200 3471 1240 3548 in
1258 3467 1387 3550 secun

315 3568 537 3649 seculorum.
587 3569 719 3674 Arnen.
