3417 4692
393 343 440 458 s
482 399 769 538 snnncra
796 399 1172 488 rnnxonnn.
1282 415 1366 508 μς

293 565 368 663 egis
385 563 674 642 solemnitatem?
699 567 972 643 Solemnitatem
986 590 1117 663 nempe
1133 589 1365 666 azymorum,

295 667 455 744 docente
476 663 680 760 Apostoio:
712 669 829 756 Pascha
853 694 964 756 emm,
988 669 1128 764 inquit,
1153 672 1292 768 nostrum
1306 695 1367 768 prr

294 768 386 845 mobis
408 769 586 844 immolatus
604 768 644 862 est
670 769 824 865 Chraflus,
869 767 981 868 Itaque
992 771 1107 863 festam
1123 795 1272 863 agamur,
1297 796 1365 843 non

294 872 332 942 r'n
339 865 500 958 fermento
514 872 639 962 veteri,
664 893 762 966 neque
776 876 813 939 in
822 867 985 962 fermento
998 871 1132 942 malitia
1145 871 1183 946 (7
1196 876 1363 968 nequitie,

285 969 342 1056 fed
358 973 394 1037 in
409 969 533 1061 azymis
542 968 737 1062 finceritatis
752 967 791 1045 U
810 975 978 1050 veritaris.
1029 967 1272 1049 simulantem
1288 973 1370 1046 coi·

291 1067 364 1161 lige
383 1070 478 1164 leges
497 1066 542 1140 de
555 1067 711 1160 azymis,
739 1091 781 1142 ac
798 1070 958 1162 videbis,
980 1089 1085 1166 quam
1106 1067 1204 1148 santa
1220 1071 1362 1146 ratione

292 1168 416 1258 alieni,
437 1167 497 1258 qui
513 1166 557 1240 ad
574 1167 762 1261 spiritalem
780 1168 893 1248 literae
909 1168 1043 1243 sensum
1058 1189 1136 1250 non
1152 1169 1360 1265 attendunt,

292 1265 353 1342 sed
370 1265 535 1360 spiritalia
550 1280 717 1360 tanquam
735 1269 876 1342 inutilia
896 1265 1078 1363 spernunt.
1130 1282 1134 1291 ·

366 1370 444 1439 Non
455 1370 617 1464 apparebis
631 1374 669 1438 in
679 1367 837 1466 eonspessu
850 1391 913 1447 meo
924 1364 1080 1464 vaauen]
1098 1366 1200 1440 Scito
1213 1386 1360 1443 omnem

292 1466 477 1546 hominem
494 1481 556 1549 aut
574 1487 729 1542 vacuum
747 1481 809 1541 aut
823 1469 968 1562 plenum
986 1466 1065 1542 effe.
1107 1466 1150 1540 'Si
1169 1467 1265 1540 enim
1281 1488 1359 1542 non

289 1566 400 1647 habet
421 1565 591 1658 Spiritum
615 1565 792 1663 sannam,
824 1589 902 1652 non
931 1570 1040 1642 habet
1062 1565 1238 1646 creatoris
1261 1567 1360 1638 noti-

289 1666 400 1757 tiam,
433 1687 511 1738 non
536 1667 674 1760 recepit
702 1667 816 1746 vitam
842 1664 960 1761 Jesurn
987 1665 1194 1754 Christum3
1230 1664 1359 1742 finon
1435 1751 1438 1760 .

286 1766 399 1845 novit
420 1778 557 1857 patrem
575 1767 634 1859 qui
652 1767 690 1841 in
710 1769 807 1848 coeiis
825 1766 902 1863 est,
927 1767 952 1842 fi
972 1787 1047 1850 non
1069 1765 1167 1848 vivir
1183 1785 1228 1847 err,
1247 1766 1359 1840 ratio·

287 1887 357 1957 ne,
384 1864 427 1937 ad
443 1865 531 1963 legis
554 1862 704 1940 caelestis
720 1887 908 1956 normam,
939 1887 1017 1939 non
1035 1864 1182 1957 sobrie,
1208 1885 1285 1944 non
1301 1865 1357 1956 ju·

289 1961 342 2044 ste
360 1965 457 2060 agit3
482 1987 620 2047 vacuus
643 1965 714 2058 est,
747 1968 808 2059 qui
829 1965 1001 2058 ejusmodi
1024 1965 1085 2041 est.
1138 1966 1212 2061 Qui
1231 1979 1353 2040 autern

290 2065 387 2159 capit
402 2063 519 2140 Deum
538 2066 598 2164 qui
611 2065 719 2141 dixit:
754 2067 939 2144 lnlmbiraio
955 2072 993 2145 r'n
1010 2071 1081 2155 eis,
1118 2065 1157 2142 ὕ
1178 2065 1353 2166 inambule-

286 2163 344 2254 bo,
372 2162 411 2240 (n
424 2188 475 2236 ero
493 2168 537 2242 eis
555 2172 658 2254 Deus,
685 2169 982 2259 ispanniacum,
1010 2165 1068 2241 ted
1087 2167 1213 2262 plenus
1229 2164 1290 2240 est.

369 2265 486 2338 Tribus
513 2267 700 2362 temporibus
724 2270 808 2342 anni
841 2267 1002 2365 apparebit
1034 2291 1122 2337 omne
1149 2267 1355 2353 maiulinum'

291 2380 381 2440 tuum
406 2389 506 2438 coram
530 2371 667 2442 Domino
697 2369 764 2442 ne«
783 2363 867 2468 run]
901 2365 1028 2448 Dicam
1050 2365 1135 2469 quid
1162 2366 1224 2440 sibi
1247 2368 1352 2440 locut

287 2464 352 2543 iste
373 2466 476 2541 velit.
528 2465 641 2566 Quod
657 2464 815 2561 agimur,
842 2463 905 2538 aut
918 2466 1076 2557 femina,
1110 2478 1172 2536 eut
1192 2487 1266 2538 mas
1286 2463 1350 2541 est.

287 2565 325 2641 si
339 2561 531 2664 femineum
545 2562 616 2656 est,
637 2563 735 2657 quod
754 2563 889 2658 agimus
903 2580 964 2638 aut
979 2584 1199 2664 corporeum
1217 2563 1268 2634 est
1289 2577 1352 2635 aut

288 2662 441 2739 carnale.
492 2663 712 2737 seminantes
743 2662 902 2745 enimin
932 2683 1071 2758 carne²
1114 2681 1190 2735 non
1218 2681 1352 2735 marem

287 2765 348 2842 sed
369 2764 534 2837 feminam
551 2763 686 2837 edimus
702 2761 825 2842 animae
839 2762 987 2856 fetum,
1012 2783 1141 2858 nempe
1157 2780 1352 2856 enervem,

288 2866 506 2955 mollemque
525 2884 567 2936 ac
581 2862 729 2938 materia
747 2860 901 2944 craffarn.
952 2861 988 2934 Si
1009 2881 1102 2944 vero
1122 2874 1256 2938 aeterna
1274 2857 1351 2954 spe«¹

286 2961 422 3037 t'tantes
455 2964 557 3036 &ad
582 2963 733 3037 meliora
759 2973 937 3035 attentum
966 2961 1139 3036 habentes
1163 2960 1351 3056 animum,
1431 3054 1434 3058 .

284 3061 418 3142 fruitus
440 3059 579 3156 spiritus
604 3063 773 3154 edimur,
815 3081 941 3142 omnes
965 3059 1072 3138 fetus
1096 3057 1211 3144 nostri
1232 3069 1349 3132 marea¹

285 3164 376 3240 sunt.
410 3166 500 3263 Quae
518 3162 625 3259 igitur
645 3160 850 3240 offeruntur
869 3161 906 3233 in
923 3155 1117 3253 conspe&
1134 3157 1228 3253 Dei,
1256 3175 1349 3250 qums

286 3283 357 3355 que
384 3265 558 3337 creatoris
586 3261 701 3337 oculis
726 3272 927 3360 apparent,
961 3259 1037 3334 haec
1062 3257 1234 3350 nasama,
1267 3275 1348 3331 non

283 3363 438 3442 feminea
467 3362 558 3440 ssmt.
597 3360 740 3456 'Neque
764 3361 860 3444 enirn
888 3359 1045 3436 feminea
1076 3373 1139 3436 aut
1164 3363 1348 3455 corporea

283 3463 448 3564 dignane
469 3462 571 3542 Deus
586 3459 773 3560 respicere.
