3417 4692
320 465 328 476 ἱ
611 365 696 444 IN
744 364 778 441 E
803 367 837 442 X
862 367 899 442 0
923 366 960 442 D
985 364 1024 441 U
1048 365 1104 444 ut
1319 385 1394 470 475

323 531 514 632 proderit,
538 545 580 604 ut
595 531 722 606 nostro
739 532 882 625 quidem
903 532 1041 628 ingenti
1060 531 1188 606 labare
1206 526 1394 624 dicantur,

324 640 369 712 ab
391 636 578 726 occupatis
600 653 694 707 vero
721 631 943 707 auditoribus
956 675 974 723 ·,
1015 631 1049 704 ἃ
1075 632 1139 704 vix
1162 631 1269 706 unius
1295 630 1396 706 horae

321 735 460 829 puncto
481 736 599 807 verbo
622 734 694 806 Dei
720 733 951 808 affistentibus
975 724 1215 826 spernantur,
1259 729 1396 822 &per-

325 833 433 909 eant?
461 837 532 929 Nrfi
548 835 641 908 enim
659 841 819 906 Domi-nus
832 837 1037 917 edificaverit
1050 835 1191 920 domum,
1218 837 1256 902 in
1270 855 1396 902 vanum

322 938 570 1021 laboraverum,
596 941 651 1030 qui
667 937 825 1024 edificant
843 956 920 1005 eam.
970 930 1229 1006 Verumtamen
1246 949 1315 1004 nos
1329 928 1394 1027 (ut

276 1039 279 1050 '
316 1033 569 1128 supradictum
588 1032 659 1131 est)
684 1035 854 1116 tradimus
873 1028 916 1105 ad
931 1030 1084 1105 mensam
1106 1033 1293 1125 pecuniam
1315 1031 1396 1104 Do·

316 1136 429 1226 mini,
457 1136 579 1208 videat
594 1139 687 1208 enim
700 1128 935 1225 unusquisque
951 1131 1176 1224 auditurum,
1204 1131 1394 1224 quomodo

325 1233 506 1328 suscipiat,
525 1256 601 1327 quae
616 1237 817 1308 traduntur.
855 1232 1071 1331 Unusqurfipue
1087 1248 1231 1324 autem,
1256 1229 1395 1328 inquit,

324 1334 516 1426 nostrum,
547 1337 631 1432 ficut
658 1339 745 1407 corde
771 1341 934 1432 concepit,
971 1332 1083 1424 offerar
1113 1337 1213 1404 iniria
1243 1337 1396 1408 Domino.

326 1435 440 1530 Quod
462 1436 553 1507 dixit
573 1436 696 1527 initia,
729 1453 852 1527 quatro
878 1454 956 1526 quae
976 1433 1044 1506 smt
1067 1429 1167 1505 initia
1191 1429 1296 1524 auri,
1331 1435 1396 1506 vel

325 1555 404 1625 quae
417 1536 581 1627 primitiae
601 1535 764 1631 argenti?
792 1533 995 1634 Quomodo
1021 1548 1140 1605 autem
1156 1534 1200 1605 de
1222 1552 1341 1605 cocco
1359 1532 1396 1606 dt

323 1655 482 1727 purpura
506 1635 539 1708 dc
562 1635 666 1729 byffo
695 1636 866 1708 videntur
895 1631 1054 1706 conferri
1086 1631 1284 1725 primitia?
1316 1629 1397 1705 Aut

325 1735 514 1827 quomodo
538 1735 627 1808 sicut
651 1735 763 1809 corde
785 1736 998 1828 conceperit
1019 1734 1096 1824 quis
1122 1727 1271 1805 offerti
1304 1732 1395 1806 Hoc

319 1836 394 1927 jam
410 1837 564 1930 tingulos
581 1833 740 1909 nostrum
758 1833 901 1929 pulsat,
928 1834 1111 1905 videamus
1129 1832 1229 1906 simul
1249 1831 1285 1905 ὰ
1302 1852 1395 1926 quo-

322 1933 437 2006 modo
455 1935 567 2009 corde
581 1937 825 2029 concepimus.
879 1933 1019 2032 Quanti
1033 1933 1147 2005 modo
1167 1933 1228 2005 hic
1244 1930 1396 2028 prasen-

285 2109 291 2120 ,
320 2045 381 2105 -tes
400 2031 543 2127 sumus,
570 2034 736 2109 &sermo
760 2033 833 2107 Dei
855 2029 1054 2106 tradatur?
1079 2029 1172 2104 Sunt
1188 2031 1249 2124 qui
1270 2032 1395 2108 conci·

318 2133 429 2228 piunt
450 2136 562 2210 corde
586 2157 663 2227 quae
683 2133 775 2208 Ietta
802 2130 911 2228 sunt,
944 2129 1027 2206 sunt
1054 2133 1114 2225 qni
1140 2133 1292 2207 omnino
1314 2152 1395 2208 non

325 2236 566 2330 concipiunt,
600 2254 678 2328 quae
701 2238 895 2328 dicuntur,
929 2231 991 2308 sed
1015 2231 1066 2308 est
1087 2253 1187 2306 mens
1208 2233 1337 2310 eorum
1358 2233 1395 2306 dc

300 2367 302 2370 ·
329 2351 395 2404 cor
409 2349 470 2406 aut
484 2335 522 2408 in
536 2333 693 2431 negotiis
709 2348 770 2408 aut
787 2335 824 2410 in
842 2329 976 2408 actibus
990 2327 1127 2428 sanctii,
1146 2347 1209 2408 aut
1226 2329 1394 2430 supputa-

324 2431 485 2505 tionibus
497 2437 606 2507 lucri:
634 2435 665 2506 dr
684 2435 862 2530 praecipue
876 2435 1064 2526 mulieres,
1080 2435 1269 2525 quomodo
1285 2448 1393 2528 putas

323 2531 440 2604 corde
463 2535 700 2630 concipiunt,
735 2553 812 2625 quae
837 2548 978 2608 tantum
1003 2533 1186 2628 garriunt,
1212 2553 1291 2625 quae
1312 2549 1393 2607 tan·

324 2645 402 2703 tum
420 2628 549 2705 fabulis
566 2631 804 2730 obstrepunt,
821 2648 873 2706 ut
882 2654 959 2706 non
971 2629 1086 2705 finant
1101 2631 1172 2705 effe
1186 2626 1392 2706 silentium?

322 2730 401 2826 Jam
420 2732 504 2823 quid
520 2732 564 2806 de
580 2748 701 2808 mente
716 2753 859 2829 earum,
885 2731 970 2824 quid
981 2731 1035 2804 de
1057 2733 1170 2805 corde
1188 2729 1393 2826 discutiam,

323 2830 418 2904 fide
444 2831 639 2906 infantssms
665 2830 755 2920 suis,
789 2850 852 2907 aut
879 2833 925 2906 de
946 2830 1028 2905 lana
1052 2833 1238 2929 cogitent,
1265 2849 1328 2907 aut
1346 2831 1393 2907 de

322 2930 524 3005 neceisariis
545 2931 704 3008 domus?
732 2933 877 3009 Vereor
888 2934 998 3029 magis
1014 2953 1061 3006 ne
1079 2932 1271 3025 sequantur
1290 2935 1391 3028 illas,

318 3030 372 3104 ;de
396 3032 523 3123 quibus
547 3034 633 3107 dicit
659 3035 883 3128 Apostolus:
916 3038 996 3128 Qua
1013 3037 1137 3118 discunt
1156 3041 1323 3107 circumire
1339 3036 1391 3107 lo·

300 3147 409 3225 'mos,
436 3136 618 3221 nouitium
638 3138 788 3225 verbosa,
811 3137 864 3224 sed
885 3135 925 3211 θ
946 3135 1090 3226 curiose,
1117 3137 1299 3232 loquentes,
1322 3157 1390 3232 qu

319 3256 393 3307 non
408 3249 540 3326 oportet.
591 3233 799 3332 Quomodo¹
817 3253 907 3332 ergo
927 3231 1001 3310 ista
1017 3235 1106 3308 tales
1133 3237 1246 3308 corde
1267 3235 1391 3309 conci

325 3331 457 3426 piunt?
481 3331 572 3406 Non
597 3339 781 3429 concipiet
800 3337 911 3409 corde
930 3335 1029 3427 quis,
1056 3333 1119 3409 nisi
1132 3349 1241 3408 vacet
1253 3335 1391 3430 corde,

321 3433 385 3506 nisi
407 3434 449 3506 iit
472 3449 594 3508 mente
617 3437 707 3509 liber
731 3437 884 3510 &totus
903 3433 1092 3526 intentus,
1118 3435 1180 3508 nisi
1202 3436 1316 3510 corde
1334 3434 1391 3510 vi·

320 3534 434 3629 giler,
460 3554 536 3608 non
554 3534 673 3628 potest
693 3536 805 3610 corde
827 3535 1024 3630 concipere
1037 3527 1053 3628 s,
1081 3533 1117 3608 dt
1139 3531 1274 3609 offerre
1290 3534 1389 3610 dont

320 3632 420 3712 Deo.
472 3635 628 3734 Quodsi
649 3635 817 3710 hastenus
837 3636 1081 3734 negleximus,
1115 3657 1162 3708 ex
1175 3635 1250 3710 hoc
1263 3631 1389 3712 saitem

323 3734 539 3810 attentiores
551 3737 678 3831 fimus,
697 3736 892 3811 &sollicite
907 3737 1155 3828 intendamus,
1168 3749 1210 3809 ut
1220 3732 1389 3832 poffimui

317 3850 440 3909 mente
461 3840 667 3929 concipere.
718 3837 855 3934 Justum
875 3836 926 3911 est
949 3840 1070 3931 enim,
1102 3839 1202 3909 utin
1224 3837 1389 3911 taberna·

317 3937 405 4007 culo
429 3934 580 4010 Domini
604 3939 809 4011 inveniatur
830 3935 1069 4031 unusquisque
1089 3938 1222 4012 habere
1244 3937 1389 4031 portio·

316 4053 401 4112 aem
415 4032 522 4111 suam.
569 4035 667 4113 -Noo
682 4039 777 4116 enim
799 4041 893 4114 latet
908 4037 1032 4114 Deum
1044 4036 1280 4134 musqusque
1299 4032 1388 4202 qpid
1482 4081 1484 4088 ι

1111 4167 1115 4175 “
1304 4157 1332 4204 2
