3417 4692
316 449 318 454 ,
422 331 848 447 “subnotant
873 366 1164 449 onnnsrn.
1279 375 1356 466 ne

341 553 348 564 ’·
362 527 611 631 Expergefalsur
634 548 741 604 autern
766 533 909 623 Pharao,
935 533 1061 622 rursum
1086 535 1281 623 somniavit,
1307 532 1348 611 (5

283 655 347 710 dccc
363 637 475 730 septem
490 636 576 730 spica
599 635 799 724 ascendebant
825 638 865 706 in
886 636 985 704 culmo
1007 658 1070 720 prro
1091 633 1191 706 aretia
1214 635 1252 711 (Ἰ
1275 637 1348 731 pus·

283 732 399 829 ebra]
450 733 583 830 Joseph
615 753 691 806 non
723 731 865 826 spicas,
908 731 969 806 sed
998 735 1200 827 manipulos
1231 737 1346 809 vidit:

285 833 482 930 AEgyptius
504 852 598 905 vero
616 853 692 906 non
706 833 929 926 manipulos,
954 831 1015 906 sed
1034 831 1156 926 spicas.
1207 833 1257 907 Et
1270 856 1348 906 rur·

282 934 338 1010 sus
361 935 534 1028 pincerna
551 947 625 1005 tres
651 934 865 1028 propagines
884 933 1005 1025 videt,
1031 935 1157 1023 quibus
1174 949 1249 1012 tres
1272 935 1347 1008 dies

285 1029 546 1131 significanturr
572 1051 637 1104 rex
656 1045 774 1105 autem
792 1032 920 1104 inuno
936 1034 1057 1106 culmo
1072 1030 1207 1124 septem
1223 1033 1347 1127 spicas,
1470 1065 1473 1070 ·

287 1135 416 1226 quibus
435 1130 567 1224 septem
589 1133 670 1203 anni
688 1133 844 1205 connexi
862 1130 960 1223 sunt,
983 1130 1217 1223 srcqueunius
1233 1137 1348 1207 nomi·

286 1236 342 1306 ni's
361 1229 530 1324 πυθμνος
551 1228 689 1304 diversa
705 1230 756 1304 est
769 1232 1034 1325 interpretatio.
1083 1230 1279 1322 Siquando
1295 1253 1349 1306 er-

285 1353 332 1428 go
350 1334 517 1424 quispiam
533 1329 635 1402 aliter
651 1331 909 1424 interpretetur
924 1328 1153 1423 scripturam,
1179 1352 1226 1403 ne
1242 1347 1347 1425 putes
1447 1365 1452 1380 r

285 1433 386 1505 illum
401 1432 476 1503 vim
494 1429 526 1502 ei
545 1429 695 1504 adferre.
745 1431 835 1503 illud
857 1430 964 1503 etiam
982 1427 1244 1503 observandum
1261 1452 1349 1523 prae·

284 1533 427 1608 nuntias
444 1530 667 1602 abundantia
687 1527 819 1621 septem
835 1529 944 1621 spicas
970 1525 1158 1602 ascendere
1172 1531 1209 1602 in
1227 1532 1348 1602 culmo

284 1651 386 1723 uno,
412 1631 625 1722 praenuntias
641 1630 727 1702 item
741 1627 842 1701 famis
858 1626 992 1720 septem
1006 1629 1112 1701 etiam
1129 1627 1261 1721 spicas,
1287 1626 1349 1703 sed

285 1751 362 1803 non
380 1731 416 1801 in
429 1750 500 1801 una
516 1729 736 1824 propagine3
763 1730 848 1800 alius
868 1728 1002 1822 vertit,
1029 1735 1067 1798 in
1086 1753 1149 1798 uno
1161 1730 1272 1798 culmo.

361 1832 458 1901 Fano
474 1847 578 1900 aurem
596 1851 706 1920 manc,
732 1828 860 1900 turbata
876 1833 914 1922 est
931 1835 1038 1899 anima
1056 1831 1139 1925 ejus,
1165 1827 1204 1903 (5
1218 1832 1351 1899 mittem

282 1936 415 2000 vocavit
441 1953 542 1996 omnes
572 1932 761 2023 interpreter
788 1929 957 2023 AEgppti,
1000 1926 1039 2002 (Ἰ
1068 1953 1172 1999 omnes
1188 1929 1350 2023 sapientes

237 2037 240 2148 p
306 2031 379 2118 'us.]
416 2025 549 2098 Totius
575 2026 726 2121 AEgypti
751 2027 937 2118 quomodo
963 2029 1108 2099 vocarit
1132 2027 1348 2120 interpretes

284 2055 527 2220 erapientes,
551 2127 777 2216 quaerendum
796 2123 894 2198 srmul
910 2126 960 2199 est
972 2122 1164 2200 secundum
1185 2128 1349 2218 literam,

285 2229 453 2300 &utrum
468 2227 571 2317 juxta
588 2226 793 2319 allegoriam
809 2226 1064 2317 interpretibus
1078 2225 1259 2323 AEgyptiis
1273 2239 1351 2299 tan·

286 2347 391 2416 quam
408 2322 679 2426 sapientioribus
702 2325 860 2422 indigeat
876 2324 1027 2400 Pharao.
1079 2325 1115 2395 T
1116 2330 1213 2399 otius
1231 2339 1352 2398 autem

239 2509 243 2520 ,
286 2423 438 2522 AEgypti
455 2423 624 2517 dicimus,
651 2424 750 2515 quod
769 2425 804 2496 id
819 2422 985 2516 sequatur
1005 2446 1051 2497 ex
1065 2423 1138 2498 his:
1172 2432 1287 2497 Omnes
1300 2432 1353 2496 irr-

285 2539 439 2622 ltrpreres
462 2525 618 2620 AEgyptr',
645 2523 684 2599 si
698 2549 802 2593 omnes
811 2526 973 2612 sapienter
991 2530 1068 2621 ejus.

363 2623 413 2695 Er
430 2627 587 2695 narravit
602 2625 665 2694 iris
689 2624 809 2695 Pharao
824 2619 981 2715 somnium
988 2625 1098 2710 suum,
1124 2621 1164 2700 θ
1176 2649 1244 2696 non
1263 2640 1352 2712 erar,

287 2727 343 2824 qui
359 2726 628 2820 interpretaretur
642 2724 721 2793 illud
742 2726 939 2816 Pharaoni]
966 2721 1055 2794 Non
1076 2737 1168 2815 puto
1186 2742 1251 2797 eos
1276 2743 1352 2798 onte

289 2825 379 2898 nino
400 2822 569 2915 tacuisse,
595 2821 654 2895 sed
670 2823 789 2896 omnia
801 2821 925 2914 potius
942 2820 1086 2914 dixisse,
1112 2843 1217 2912 quam
1227 2843 1353 2895 veram

288 2921 508 2996 somniorum
528 2922 874 3013 interpretationem.
900 2920 953 2991 At
968 2920 1064 2994 dicet
1079 2921 1222 3011 aliquis:
1249 2925 1353 3019 Quo·

288 3022 401 3104 modo
422 3039 580 3093 noverat
599 3020 737 3093 Pharao
758 3041 804 3092 an
824 3020 995 3112 ejusmodi
1018 3022 1232 3112 interpretes
1254 3019 1353 3092 &sa
1407 3109 1409 3114 Ι

238 3187 240 3194 .
288 3121 430 3216 pientes
443 3119 594 3216 AEgypti
607 3117 740 3220 somnia
752 3120 845 3193 bene
858 3119 1179 3212 interpretarentur
1194 3117 1352 3192 nec-nel

290 3218 349 3294 Ad
363 3219 440 3292 haec
457 3219 600 3291 dicebat
614 3220 787 3292 Hebraeus
800 3216 1032 3293 somniantem
1046 3219 1290 3311 Pharaonem,
1313 3218 1354 3292 ii·-

237 3319 240 3338 '
287 3319 362 3394 mul
378 3317 504 3391 vidisse
512 3316 638 3393 somnii
657 3319 1095 3411 interpretationemque
1112 3342 1131 3392 e
1146 3319 1205 3391 sua
1218 3340 1354 3392 memo-

237 3445 241 3490 ε
289 3420 340 3492 ria
360 3418 554 3492 exciderat.
605 3418 772 3514 Singulos
790 3419 898 3513 igitur
914 3419 1083 3511 audiens,
1108 3439 1184 3491 non
1199 3416 1354 3493 reminis·

291 3520 441 3592 cebatut
457 3538 604 3607 eorum,
619 3515 696 3608 qua'r
715 3516 848 3590 sciebat
872 3514 1057 3592 sevidisse.
1106 3521 1354 3618 Quamobrem

289 3618 438 3692 miratus
451 3615 501 3689 est
513 3616 728 3712 Josephum,
758 3614 992 3689 &confestim
1007 3631 1123 3691 totam
1138 3615 1353 3712 AEgyptum,

288 3715 506 3800 frumentum
523 3718 597 3809 ejus
614 3771 626 3809 ,
654 3715 688 3788 δι
705 3714 851 3790 salutem
866 3709 1123 3810 AEgyptiorum
1141 3718 1174 3787 ei
1191 3717 1352 3790 credidit.

289 3815 367 3889 Vix
391 3817 485 3891 enim
509 3818 765 3909 interpretatus
792 3828 869 3886 erat
895 3813 1058 3907 somnia,
1095 3837 1177 3887 cum
1196 3816 1254 3888 hic
1282 3837 1354 3889 me·

289 3917 394 3992 minit
417 3911 489 4011 ipsa
508 3914 602 4011 else,
637 3935 715 4007 quae
738 3914 772 3987 ei
792 3913 935 3987 fuerant
952 3916 1048 4007 prius
1070 3912 1217 3988 ostensa.

771 4065 859 4204 lio
1134 4095 1315 4211 'Respon-
