3417 4692
366 385 439 491 20'6
691 393 1136 526 ouleuu'rs'¹

363 582 455 675 legem
469 601 536 650 nan
554 575 706 678 audistis?
735 577 894 681 Scriptum
911 580 952 680 ιβ
962 587 1068 677 enim,
1082 586 1158 681 quia
1172 585 1335 660 Abraham
1350 590 1427 662 duur

355 684 445 774 filios
462 681 598 767 habuit,
625 704 724 751 unum
739 683 917 769 draucisa,
942 679 981 759 θ
1000 708 1099 754 unum
1118 686 1273 764 delibera.
1311 693 1374 763 Sed
1395 693 1425 760 r'r

365 785 508 880 quidem,
535 785 591 872 qui
606 781 642 851 de
662 784 798 869 ancilla,
821 784 989 870 secumdum
1006 809 1133 854 carmem
1157 802 1257 858 uatus
1279 788 1342 886 ejs3
1368 795 1425 888 qru‘

362 905 439 951 vero
455 905 494 949 ex
511 880 635 962 libera,
673 902 727 974 per
744 880 1034 975 repromiffionem,
1070 885 1232 981 quaesunt
1251 893 1421 982 asegrrr'ca.

363 979 463 1079 Quid
483 979 604 1076 ergo?
641 978 736 1054 Isaac
756 1001 833 1056 non
852 979 903 1056 est
919 981 1109 1069 secundum
1131 1005 1271 1060 carnem
1288 987 1434 1064 natus}

361 1076 453 1155 Non
472 1100 553 1154 eum
570 1080 711 1175 peperit
727 1079 842 1155 Sara?
868 1079 958 1155 Non
980 1081 1032 1155 est
1056 1083 1310 1160 circumcisus?
1336 1089 1422 1162 Hoc

360 1177 496 1272 ipsum,
521 1181 620 1271 quod
635 1181 781 1254 ludebat
797 1177 1063 1274 cum'Ismaele‚
1089 1185 1223 1258 nonin
1246 1207 1353 1260 carne
1367 1190 1420 1261 lu·

325 1322 328 1328 ·
361 1277 498 1356 debat?
526 1281 611 1354 Hoc
622 1279 672 1354 est
686 1280 799 1373 enim,
827 1280 926 1372 quod
944 1282 1104 1355 mirabile
1122 1282 1173 1355 est
1194 1284 1230 1357 in
1248 1284 1421 1379 Apostoli

360 1377 481 1471 sensu,
509 1380 608 1472 quod
635 1379 822 1471 dequibus
843 1401 921 1454 non
938 1379 1058 1474 potest
1077 1383 1247 1476 dubitari,
1266 1389 1350 1476 quin
1370 1385 1421 1460 se·

362 1481 517 1554 cundum
538 1500 680 1553 carnem
698 1479 793 1574 gesta
807 1479 897 1574 fiut,
924 1480 1000 1554 haec
1023 1481 1083 1555 ille
1099 1481 1186 1554 dicit
1202 1481 1270 1556 esse
1288 1481 1421 1582 allego-

359 1579 454 1653 rica:
479 1593 521 1652 ut
533 1601 601 1653 nos
620 1579 703 1671 quid
718 1573 920 1655 faciendum
932 1577 975 1654 fit
988 1583 1025 1654 in
1045 1582 1180 1657 caeteris
1193 1579 1423 1677 noverimusj

360 1681 450 1758 &in
466 1679 518 1754 his
533 1680 705 1771 maxime,
732 1679 769 1752 in
786 1680 913 1773 quibus
928 1680 1014 1754 nihil
1037 1681 1157 1754 divina
1173 1674 1253 1780 lege
1272 1683 1419 1778 dignum
1460 1756 1463 1763 ,

356 1780 527 1858 historica
551 1778 696 1853 videtur
715 1777 872 1852 indicare
896 1781 1066 1856 narratiO.
1119 1779 1240 1855 lstnael
1262 1803 1349 1880 ergo
1369 1781 1420 1857 se·

306 1919 311 1926 -
359 1879 666 1968 cumdumcarnem
678 1876 833 1952 nascitur
849 1880 985 1952 ancillae
1000 1877 1104 1956 filius.
1129 1877 1223 1954 Isaac
1240 1902 1346 1976 vero,
1358 1883 1422 1975 qui·

358 1995 437 2054 erat
457 1979 576 2054 liberae
599 1977 721 2069 filius,
752 1997 829 2049 non
854 1976 1009 2052 nascitur
1032 1977 1223 2052 secundum
1249 2002 1419 2076 carnem,

356 2079 417 2156 sed
432 2077 623 2152 secundum
639 2075 953 2169 repromiffionem.
1015 2074 1064 2150 Et
1080 2078 1168 2151 dicit
1185 2080 1230 2153 de
1246 2081 1299 2153 his
1315 2079 1417 2173 Apo·

356 2177 497 2272 stolus,
525 2177 623 2271 quod
644 2175 741 2272 Agar
763 2177 801 2249 in
819 2174 1027 2250 servitutem
1051 2179 1216 2274 genuerit
1240 2181 1417 2256 carnalem

303 2277 305 2282 ’
354 2280 553 2376 populum3
579 2274 799 2367 Saturam,
826 2297 904 2368 quae
917 2289 994 2350 erat
1006 2278 1140 2366 libera,
1167 2281 1340 2372 populum
1357 2302 1416 2376 ge7

275 2405 281 2427 ··
355 2380 501 2469 nuerit,
530 2378 587 2468 qui
610 2397 687 2449 non
710 2372 903 2449 secundum
919 2395 1086 2467 carnem,
1114 2375 1173 2450 sed
1192 2378 1228 2451 in
1245 2379 1415 2452 libertate

354 2494 514 2552 vocatus
535 2474 607 2569 est,
633 2503 696 2574 qua
709 2475 857 2547 libertate
871 2475 1024 2548 liberavit
1045 2497 1125 2551 eum
1147 2476 1299 2575 carmus.
1337 2476 1421 2574 lpse'

352 2581 450 2654 ‘etnim
467 2576 578 2666 dixit,
604 2577 686 2669 quia
698 2576 724 2670 fi
737 2600 794 2648 vos
803 2576 901 2666 fissus
916 2577 1121 2661 liberaverit,
1147 2599 1220 2648 vere
1237 2579 1333 2647 liberi
1350 2583 1416 2648 eri-

354 2687 412 2755 ris.
472 2676 572 2775 Quid
591 2695 685 2750 vero
702 2674 755 2748 his
776 2673 877 2749 addit·
893 2697 1081 2770 exponens
1103 2673 1327 2772 Apostolus,
1361 2678 1416 2750 vi·

353 2779 519 2854 deamus:
547 2778 608 2848 Sed
616 2776 694 2872 ficut
711 2793 809 2869 tum,
834 2776 972 2869 inquit,
999 2782 1027 2846 is
1043 2787 1099 2874 qui
1108 2776 1277 2866 secundum
1290 2801 1415 2849 carnem

353 2880 417 2978 est,
440 2876 682 2977 persequebatur
698 2900 791 2963 eum,
823 2879 880 2973 qui
899 2875 1066 2962 secandum
1081 2878 1262 2970 spirirum,
1297 2884 1343 2947 ira
1372 2876 1413 2952 (ἵ

353 3004 451 3053 nunc.
465 2977 593 3067 Vide,
616 2974 803 3067 quomodo
824 2995 893 3048 nos
910 2972 1107 3067 Apostolus
1124 2974 1256 3069 docet,
1283 2977 1413 3069 quiain

355 3079 524 3154 omnibus
545 3096 630 3149 caro
654 3073 860 3148 adversatur
882 3071 1043 3168 spiritui:
1076 3075 1150 3150 five
1171 3078 1326 3178 populus
1350 3077 1412 3150 ille

354 3179 505 3253 carnalis
527 3173 733 3250 adversatur
758 3174 842 3248 huic
867 3175 1008 3267 populo
1024 3171 1189 3269 spiritali,
1216 3176 1291 3249 five
1305 3178 1412 3250 etiam

353 3281 448 3355 inter
471 3299 540 3350 nos
563 3275 680 3369 ipsos,
704 3275 729 3348 s1
753 3273 830 3366 quis
848 3272 964 3346 adhuc
986 3274 1133 3346 carnalis
1158 3273 1228 3369 est,
1253 3274 1413 3371 spiritali·

350 3380 421 3470 bus
437 3372 654 3450 adversatur.
680 3373 776 3450 Nam
793 3373 878 3446 &tu
893 3372 916 3446 s1
936 3370 1127 3448 secundum
1141 3394 1283 3448 carnem
1298 3375 1411 3467 vivis,

352 3477 389 3554 &
410 3475 603 3550 secundum
623 3495 764 3547 carnem
784 3471 1031 3568 conversaris,
1057 3469 1149 3546 filius
1171 3495 1208 3546 es
1227 3473 1350 3570 Agar,
1378 3473 1417 3558 &-

349 3593 548 3675 propterea
566 3571 760 3648 adversaris
777 3573 855 3654 his,
889 3573 947 3663 qui
970 3569 1162 3648 secundum
1182 3571 1340 3666 spiritum
1359 3571 1413 3644 vi-

349 3691 457 3752 vunt.
508 3674 609 3748 Sicut
629 3672 735 3747 etiam
748 3673 785 3746 in
802 3672 910 3750 nobis
923 3671 1283 3767 ipsassrreqrririmuS‚
1309 3672 1416 3774 inve--
1476 3671 1479 3678 '

346 3781 467 3855 nimus
485 3795 487 3800 ’
502 3770 758 3866 'concupiscere
794 3791 938 3846 carnem
969 3771 1135 3846 adversus
1163 3769 1341 3865 spiritum,
1375 3769 1411 3844 ὰ

348 3878 512 3974 spiritum
530 3869 698 3949 adversus
724 3892 895 3968 caruem,
933 3871 1063 3947 &haec
1089 3870 1151 3945 fibi
1171 3872 1326 3945 invicem
1353 3871 1412 3944 ad·

348 3975 496 4054 versari.
559 3972 609 4047 Et
638 3972 842 4048 invenimus
868 3971 982 4070 legem
1014 3971 1052 4047 in
1083 3972 1248 4045 membris
1280 3970 1410 4045 nostris

341 4071 610 4178 repugnantem
631 4072 704 4174 legi
725 4073 857 4150 mentis
882 4069 1041 4168 nostre,
1082 4069 1119 4144 ἃ
1142 4071 1309 4246 cautons
1339 4089 1409 4144 nos

298 4193 322 4227 ι
1171 4232 1177 4238 .
1252 4191 1361 4244 ucen-
