3417 4692
419 376 486 506 in
512 377 1223 508 ordietnnoirltlnxm
1301 431 1373 523 ist'

312 591 450 686 semper
468 593 617 686 quaerit,
650 607 795 668 veteres
814 594 966 690 purgat,
996 611 1120 664 novoe
1140 592 1265 686 aperit
1313 588 1374 668 lna

313 705 417 765 tuere
432 691 590 767 nostrum
600 689 716 786 Isaac,
741 694 801 785 qui
815 711 884 787 pro
897 693 1004 766 nobie
1018 691 1161 764 oblatus
1177 690 1228 764 est
1241 689 1378 786 hostia,

315 791 523 865 venientem
539 793 575 864 in
595 792 725 867 vallem
746 791 988 886 Gererarum,
1012 811 1117 884 quam
1136 789 1373 884 interpretans

316 904 375 964 tur
390 891 598 981 maceriam,
623 891 698 965 slve
723 891 859 987 sepem,
885 891 1115 983 venientem,
1139 891 1306 984 inquom,
1329 897 1375 964 ut

316 989 471 1064 medium
488 991 660 1082 parietem
682 989 817 1084 sepiens
845 991 965 1064 solvet
986 989 1186 1062 inimicitias
1209 992 1246 1062 in
1267 1009 1376 1063 carne

315 1090 395 1182 sua,
422 1091 628 1163 venientem
641 1089 994 1182 tolleremaceriam,
1018 1088 1141 1180 idest,
1167 1101 1373 1182 peecatum,-

318 1187 417 1282 quod
436 1190 613 1264 internos
626 1184 970 1285 separatorDeum,
995 1189 1203 1280 maceriam,
1229 1187 1376 1278 quaeest

319 1288 435 1364 media
452 1289 547 1362 inter
566 1308 636 1362 nos
660 1289 693 1363 dr
712 1287 872 1364 eoelestee
887 1289 1069 1381 virtutes,
1093 1303 1136 1360 ut
1155 1285 1262 1360 faciat
1280 1299 1376 1360 utra*

319 1389 389 1482 que
412 1409 549 1479 unum,
575 1387 609 1462 dt
631 1409 772 1480 ovem,
797 1409 877 1482 que
899 1400 1106 1478 erraverat,
1132 1386 1288 1460 humeris
1305 1382 1376 1460 suid

317 1499 484 1581 reportet
505 1488 547 1561 ad
569 1500 735 1583 montes,
761 1487 977 1564 &restituat
1003 1487 1047 1562 ad
1072 1487 1155 1560 alias
1178 1485 1377 1581 nonaginta

317 1593 476 1677 novem,
503 1607 580 1679 que
595 1607 672 1662 non
688 1600 914 1662 erraverunt
962 1587 1034 1660 Hic
1050 1605 1138 1682 ergo
1154 1582 1248 1658 liaae
1264 1583 1377 1658 salva·

321 1701 382 1759 tor
402 1685 549 1780 noster,
583 1707 663 1761 cum
682 1685 832 1762 veniliet
848 1687 948 1762 istam
972 1689 1103 1759 vallem
1131 1682 1375 1778 Gerararum,

318 1787 470 1880 primum
497 1788 656 1861 omnium
682 1789 764 1860 illos
789 1801 920 1880 puteos
940 1785 1068 1861 fodere
1096 1783 1244 1875 voluit,
1281 1801 1376 1874 quoe

318 1885 488 1960 foderant
514 1887 615 1977 pueri
638 1887 746 1981 patris
768 1883 837 1975 sui;
871 1887 958 1984 legis
980 1883 1115 1959 scilicet
1135 1881 1380 1978 &prophetaf

319 2001 398 2057 rum
417 1985 537 2056 voluit
553 1999 684 2081 puteos
698 1989 896 2079 innovare,
921 2005 1013 2078 quoe
1033 1981 1379 2058 Philistinit'errare·

318 2086 520 2179 pleverant.
578 2087 650 2189 Qui
665 2085 745 2160 sunt
757 2083 832 2179 isti,
858 2086 918 2178 qui
937 2099 1032 2158 terra
1050 2096 1183 2182 puteos
1200 2079 1376 2177 replenti

318 2184 373 2256 llli
391 2181 463 2256 fine
478 2183 613 2280 dubio,
648 2187 764 2277 quiin
783 2188 863 2282 lege
878 2199 1057 2260 terrenam
1076 2183 1111 2256 dt
1130 2184 1304 2256 carnalem
1323 2181 1378 2253 ina

319 2283 552 2378 telligentiam
576 2299 737 2380 ponunt,
764 2284 798 2358 dt
818 2282 1007 2380 spiritalem
1026 2305 1068 2357 ac
1082 2281 1267 2375 mysticam
1283 2285 1390 2353 clam·

322 2381 433 2477 dunt,
461 2399 500 2457 ut
520 2405 637 2478 neque
656 2385 717 2480 ipfi
733 2385 882 2476 bibant,
907 2405 1025 2476 neque
1046 2384 1134 2457 alios
1154 2382 1278 2454 bibere
1297 2399 1378 2473 per·

320 2481 476 2557 mittant
529 2485 623 2558 Audi
645 2483 738 2558 isaac
752 2485 951 2560 Dominum
969 2481 1129 2558 nostrum
1144 2479 1261 2578 Jesum
1276 2477 1380 2553 Chri·

320 2577 410 2654 stum
426 2581 464 2654 in
480 2579 685 2680 Evangelio
705 2583 901 2658 dicentem:
930 2588 986 2658 Va
998 2585 1085 2654 vobis
1105 2583 1221 2652 Seteia
1234 2579 1274 2656 σ
1294 2581 1380 2652 Pia*

322 2682 403 2770 risaei
422 2681 614 2780 hypocrita,
640 2689 791 2781 quoniam
808 2683 925 2780 tulistis
941 2685 1061 2756 clavem
1069 2683 1236 2773 scientie,
1259 2678 1299 2756 b
1319 2691 1380 2749 ne·¹

321 2803 379 2952 ἕνα
395 2781 449 2878 ipfi
467 2785 644 2884 intrepidi,
667 2807 765 2882 neque
780 2791 908 2855 intrare
929 2785 1072 2856 volentes
1083 2780 1271 2879 pemfiflit.
1319 2777 1380 2852 lstl

338 2894 403 2952 unt
428 2903 537 2978 ergo,
565 2884 625 2976 qui
647 2899 805 2977 puteos,
831 2904 924 2976 quoe
944 2882 1115 2960 foderant
1134 2878 1236 2974 pueri
1261 2875 1380 2951 Abra·

321 2980 423 3069 ham,
450 2995 546 3055 terra
558 2985 812 3076 repleverunt,
832 2984 891 3076 qui
902 2984 1018 3080 legem
1029 2981 1217 3059 carnaliter
1228 2977 1380 3070 docent,

324 3079 358 3151 ἀ
375 3100 480 3170 aquas
493 3080 595 3156 santii
609 3081 759 3178 Spiritus
773 3085 963 3160 maculant.
1012 3084 1087 3182 Qui
1102 3093 1234 3177 puteos
1247 3081 1291 3152 ad
1302 3080 1379 3194 boe

322 3177 479 3273 habent,
504 3203 579 3256 non
598 3196 639 3254 ut
654 3203 777 3274 aquom
800 3182 1009 3276 proferant,
1035 3182 1095 3257 sed
1108 3195 1151 3254 ut
1165 3195 1296 3254 terram
1312 3197 1380 3276 po·

322 3283 421 3353 nant.
473 3279 553 3353 Hos
571 3301 657 3378 ergo
676 3291 807 3378 puteos
823 3282 1024 3382 aggreditur
1033 3281 1162 3356 fodere
1173 3278 1279 3356 Isaac.
1328 3273 1381 3350 lle

311 3379 527 3471 ¹videamus,
549 3381 735 3472 quomodo
753 3403 817 3455 eoa
835 3381 940 3459 fodit.
968 3379 1059 3458 Cum
1071 3383 1174 3476 pueri
1187 3379 1302 3472 lsaac,
1317 3376 1378 3471 qui

324 3473 404 3549 sunt
422 3475 588 3572 Apostoli
610 3479 757 3554 Domini
779 3480 890 3553 nostri
909 3483 1123 3576 tranlirent,
1148 3479 1285 3572 inquit,
1311 3496 1379 3572 per

321 3573 457 3670 segetes
476 3577 622 3652 sabbato
641 3581 826 3654 vellebant
840 3579 972 3674 spicas,
1000 3581 1034 3654 dt
1053 3581 1294 3655 confricantes
1307 3597 1383 3656 ma·

321 3676 425 3747 nibus
444 3679 716 3753 manducabant.
766 3677 876 3752 Tunc
889 3698 976 3776 ergo
992 3677 1158 3754 dicebant
1172 3681 1205 3754 ei
1222 3677 1297 3768 isti,
1317 3675 1379 3768 qui

323 3787 418 3848 terra
430 3779 662 3869 repleverant
677 3793 809 3872 puteos
820 3780 931 3871 patrie
952 3781 1046 3872 ejne:
1075 3783 1150 3854 Ecce
1166 3777 1310 3874 discipuli
1328 3779 1380 3848 tui

317 3875 452 3964 faciunt
465 3875 600 3966 soldaris
611 3921 622 3965 ,
635 3883 714 3974 quod
729 3891 793 3950 non
808 3881 892 3950 licet.
918 3877 984 3952 Ille
996 3894 1039 3953 ut
1057 3891 1238 3955 terrenum
1251 3887 1380 3948 eorum

323 3975 467 4046 foderet
486 3975 732 4070 intelled'tnm,
766 3976 852 4051 dicit
869 3977 913 4052 ad
938 3999 1021 4054 eoa:
1047 3983 1128 4054 Non
1144 3977 1274 4076 legistis,
1301 3977 1380 4075 quid

317 4073 401 4168 serit
426 4077 562 4174 David,
596 4101 663 4150 cun
685 4079 819 4170 σμήνει
844 4078 930 4176 'ish
960 4077 1000 4156 (5
1022 4084 1079 4179 qui
1097 4105 1165 4152 cum
1183 4079 1245 4176 ipso
1261 4091 1385 4162 erant,

1226 4194 1358 4272 wamb-
