3417 4692
304 383 392 462 ,m
549 299 1110 464 qonretmrsf¹

270 523 281 550 ⁹
304 532 401 614 iuius.
444 523 521 598 'Sed
545 522 848 617 &interpretatio
871 525 1026 600 nominis
1044 524 1119 602 hoe
1134 525 1228 602 idem
1248 523 1382 608 ibunt..

302 628 441 704 Manna
456 626 550 697 enim
565 626 821 718 interpretatur
837 625 922 715 quid
940 625 991 702 est
1003 628 1078 700 hoe
1090 626 1117 700 ‘l
1134 627 1229 701 Vide
1244 629 1269 702 ll
1289 649 1381 706 non.

231 735 233 742 '
304 726 378 820 ipsa
400 725 554 798 nominis
583 728 697 797 virtus
717 722 981 799 addiscendum
1003 740 1041 798 te
1064 741 1275 822 provocat,
1302 745 1372 822 ut,

304 846 388 900 cum
405 823 502 896 audis
519 826 631 919 legem
646 823 894 906 Dei-recitari,
919 827 1073 917 inquiras
1090 824 1237 919 semper,
1262 829 1300 900 ἃ
1315 828 1374 902 in·

303 938 495 1019 terroges,
528 922 561 995 u
590 924 685 996 dicas
711 923 942 998 dottoribus:
969 924 1052 1017 quid
1074 925 1124 1000 est
1147 924 1251 1000 hoel
1276 926 1372 1030 ῌοο

303 1025 400 1100 enim
418 1022 482 1114 est,
498 1021 596 1113 quod
615 1023 748 1096 indicat
759 1044 898 1099 manna.
924 1020 985 1099 Tu
998 1026 1121 1121 ergofi
1141 1025 1196 1098 vis
1216 1028 1370 1099 mandu-

306 1143 388 1198 care
399 1121 586 1216 manna,id
602 1121 653 1194 est
667 1123 692 1196 fi
708 1125 806 1216 cupis
822 1120 997 1215 suscipere
1014 1125 1167 1198 verbum
1177 1124 1261 1206 Dei,
1271 1123 1370 1200 scito

302 1223 392 1299 illud
412 1223 588 1296 minutum
605 1219 700 1313 effe,
726 1223 759 1294 ds
779 1222 885 1296 valde
897 1220 1026 1298 subtile
1050 1222 1138 1298 srcut
1160 1222 1278 1298 semen
1302 1246 1373 1298 co·

303 1324 447 1397 riandri.
473 1320 595 1397 Habet
609 1322 703 1395 enim
720 1321 849 1411 aliquid
862 1321 947 1402 mle
965 1323 1095 1415 oleris,
1122 1341 1196 1414 quo
1208 1327 1369 1419 nutrire,

304 1424 515 1500 &recreare
534 1422 637 1513 poffit
653 1418 838 1516 infirmos,
865 1424 946 1515 quia
963 1430 1018 1518 qui
1034 1426 1184 1514 infirmus
1197 1425 1251 1519 ιβ,
1277 1428 1369 1500 olera

302 1525 483 1598 manducat.
509 1520 630 1596 Habet
646 1521 776 1612 aliquid
788 1522 939 1618 rigoris,
963 1521 1093 1595 &ideo
1108 1536 1149 1595 ut
1161 1524 1287 1615 pruina
1300 1522 1367 1602 est.

304 1619 482 1696 Candoris
498 1633 617 1694 autem
634 1620 880 1696 &dulcedinis
899 1622 1010 1696 habet
1029 1621 1230 1715 plurimum.
1263 1624 1368 1717 Quid

304 1724 400 1797 enim
421 1720 624 1811 candidius,
651 1719 735 1810 quid
754 1718 776 1794 s
793 1721 967 1794 lendidius
988 1722 1193 1796 eruditione
1209 1721 1366 1796 divinat

304 1822 403 1920 Quid
424 1820 582 1902 dulcius,
609 1820 741 1912 quidve
755 1746 896 1894 (ξεινίης
913 1821 1064 1912 eloquiis
1080 1820 1256 1914 Domini,
1283 1843 1367 1915 quae

302 1919 385 2006 sunt
410 1917 512 2013 super
536 1922 607 1993 mel
626 1918 660 1992 bt
678 1919 837 1994 favum?
870 1919 941 1993 Sed
959 1921 1043 2012 quid
1062 1919 1114 1994 est
1134 1922 1232 2012 quod
1251 1922 1367 2016 dicit,

302 2035 345 2094 ut
366 2020 479 2093 indie
500 2018 600 2092 sexto
630 2019 775 2110 duplum
798 2020 986 2114 colligatur
1010 2021 1047 2118 in
1067 2021 1365 2116 repromiffione,

305 2135 477 2213 quantum
497 2116 641 2190 sufficiat
651 2121 757 2190 etiam
774 2114 921 2191 sabbato
936 2116 954 2191 l
987 2118 1072 2192 Hoc
1089 2117 1280 2194 fecundum
1296 2143 1366 2194 no·

302 2219 407 2294 stram
420 2216 692 2309 intelligentiam
706 2236 782 2288 non
797 2217 924 2309 otiosi,
948 2238 1017 2294 net
1032 2216 1144 2291 securi
1159 2222 1365 2314 preterire,

302 2318 366 2390 vel
378 2315 523 2387 transire
532 2315 712 2389 debemus.
738 2313 867 2389 Sextus
882 2316 955 2390 dies
971 2316 1117 2410 esthaec,
1132 2320 1170 2390 in
1185 2341 1253 2411 qua
1265 2341 1366 2392 nunc

302 2416 420 2491 sumus
443 2416 538 2487 vita:
565 2417 602 2487 in
619 2414 678 2488 sex
701 2417 794 2488 enim
817 2417 943 2489 diebus
959 2415 1138 2491 Dominus
1160 2417 1248 2490 fecit
1264 2420 1365 2493 bunc

302 2515 485 2593 mundum.
535 2514 615 2588 Hac
628 2535 715 2610 ergo
734 2515 790 2588 die
810 2531 947 2588 tantum
961 2536 1158 2610 reponere,
1186 2516 1368 2591 &recon-

305 2615 391 2696 dere
412 2615 604 2706 debemus,
631 2630 801 2708 quantum
816 2613 1012 2687 sufficiat&
1034 2617 1070 2687 in
1087 2616 1210 2688 futuro
1230 2617 1298 2692 die.
1326 2618 1366 2691 Si

305 2714 390 2811 quid
410 2714 575 2788 enimhic
589 2715 679 2788 boni
695 2715 814 2807 operis
837 2718 1021 2807 acquiras,
1044 2713 1070 2787 st
1097 2716 1180 2805 quid
1199 2716 1366 2812 justitiae,

303 2814 574 2905 misericordie,
600 2814 792 2907 &pietatis
811 2817 1012 2907 recondas,
1038 2816 1111 2887 hoc
1129 2816 1194 2887 tibi
1211 2819 1247 2886 in
1265 2815 1364 2888 futu·

303 2921 348 2989 το
366 2912 494 2988 saeculo
516 2915 584 2987 erit
600 2914 711 2988 cibus.
761 2912 933 3007 Nunquid
952 2935 1028 2985 non
1044 2916 1094 2987 ita
1109 2915 1146 2986 in
1162 2913 1365 3009 Evangelio

304 3016 476 3113 legimus,
502 3013 583 3105 quia
601 3016 660 3105 qui
679 3014 863 3105 acquifivit
877 3015 935 3086 hic
952 3012 1075 3085 decern
1093 3015 1228 3085 talenta
1241 3015 1290 3086 ibi
1308 3037 1366 3088 ac·

306 3116 405 3211 cepit
431 3116 556 3189 decem
584 3114 777 3205 civitates,
819 3114 853 3187 bt
881 3116 939 3204 qui
972 3112 1156 3203 acquisivit
1182 3130 1365 3209 quatuor,

306 3217 447 3309 accepit
463 3228 617 3306 quatuor
632 3213 825 3286 civitates?
851 3214 936 3286 Hoc
950 3212 1001 3286 est
1017 3212 1113 3303 quod
1131 3212 1164 3284 tr
1181 3233 1247 3305 per
1260 3214 1365 3289 aliam

304 3314 455 3412 figuram
477 3310 673 3407 Apostolus
694 3312 802 3386 dicit:
826 3316 920 3407 Quod
940 3318 1021 3383 enin
1029 3312 1363 3402 sminaverithomo‚

305 3419 365 3489 luc
376 3416 416 3493 (7
427 3430 531 3489 meret.
557 3413 654 3514 Quid
672 3432 758 3508 ergo
775 3415 906 3509 agimus
921 3434 1011 3505 nos,
1030 3412 1090 3503 qui
1104 3434 1257 3485 amamus
1273 3411 1365 3488 illud

305 3516 534 3606 recondere,
565 3512 663 3606 quod
685 3527 963 3605 corrumpatur,
998 3533 1073 3585 non
1103 3511 1201 3604 quod
1227 3534 1366 3604 perma-

305 3632 412 3713 neat,
436 3615 653 3711 &perduret
669 3614 706 3685 in
724 3610 938 3685 crastinum?
964 3610 1107 3685 Diuites
1125 3611 1227 3703 hujus
1248 3611 1366 3688 saeculi

306 3743 352 3798 ea
367 3717 591 3805 recondunt,
613 3734 690 3806 quae
707 3713 745 3784 in
764 3714 837 3785 hoc
859 3711 1012 3804 saeculu,
1038 3713 1111 3785 imo
1135 3732 1215 3784 cum
1232 3710 1365 3786 seculo

304 3831 594 3914 corrumpuntur.
632 3814 669 3887 Si
684 3834 752 3906 qua
766 3827 885 3886 autern
900 3814 1123 3908 bonoopera
1136 3813 1366 3908 recondunt,

260 3927 267 3978 l
304 3921 368 3997 illa
383 3929 595 4021 permanent
611 3912 722 4007 usque
740 3910 778 3988 in
801 3912 997 3990 crailinum.

260 4155 329 4223 ι
368 4165 370 4172 ·
1197 4107 1318 4186 6.De
