3417 4692
478 341 1061 470 'russonum
1272 395 1343 481 mr

283 553 428 654 quisque
448 577 494 632 ex
519 529 699 650 sesiptntis
721 551 844 628 fandis
876 541 1030 627 offitium
1056 525 1164 627 suum.
1228 548 1344 647 Moyss

286 659 362 750 ses,
402 659 543 750 inquit,
574 671 617 728 ut
641 657 683 732 sit
707 656 744 728 in
771 656 846 736 his,
881 675 957 745 quae
981 652 1024 726 ad
1042 647 1161 726 Deum
1183 645 1283 738 sunt,
1312 653 1346 728 dt

284 761 436 831 verbum
460 755 531 828 Dei
559 753 720 828 edisserat
747 756 899 848 popui0.
931 749 1081 835 »Ceteri
1107 765 1224 826 autem
1251 754 1345 844 prin-
1470 825 1474 836 ,

285 859 381 952 cipes
400 876 490 948 quos
511 857 690 949 appellant
710 855 898 942 tribunos,
934 847 1089 949 (tribuni
1106 852 1200 934 enim
1226 867 1271 924 ert
1295 873 1343 926 eo

285 959 475 1047 dicuntur,
502 954 600 1047 quod
619 957 726 1028 tribui
753 951 912 1051 praefint)
934 951 1052 1024 caeteri
1077 968 1164 1046 ergo
1186 952 1342 1045 tribuni,

283 1059 345 1131 vel
371 1054 625 1146 centuriones,
651 1057 711 1128 vei
735 1052 1042 1148 quinquagenarii,
1069 1049 1208 1144 praesrnt
1230 1051 1344 1123 mino·

283 1157 382 1230 ribus
411 1151 581 1250 judiciis,
622 1173 699 1244 quae
728 1153 770 1225 ad
795 1153 950 1248 fingulos
980 1149 1138 1244 quosque
1162 1151 1362 1244 pertinent.

288 1256 504 1329 dirimentes.
566 1249 663 1326 Puto
688 1267 804 1324 autem
830 1251 925 1325 hanc
950 1249 1058 1344 ipsam
1093 1246 1246 1344 figuram*
1268 1265 1345 1323 non

287 1353 402 1429 solum
425 1353 463 1428 in
488 1353 647 1445 presenti
674 1350 802 1423 saeculo
835 1347 1000 1423 Ecclesrae
1027 1351 1178 1441 datam,
1217 1366 1345 1422 uerum

288 1455 394 1530 etiam
426 1454 463 1523 in
496 1447 621 1524 futuro
660 1448 877 1524 servandam.
942 1447 1039 1521 Audi
1077 1448 1227 1539 denique
1260 1447 1345 1540 quid

276 1551 465 1626 Dominus
476 1551 570 1624 dicat
584 1551 620 1623 in
630 1547 849 1645 Evangelio:
879 1549 957 1619 Cum
965 1550 1094 1636 sederit,
1111 1547 1242 1641 inquit,
1250 1551 1347 1641 filius

288 1655 426 1723 hominis
440 1654 535 1745 super
551 1652 700 1722 thronum
709 1641 815 1744 glorie
829 1648 902 1734 sua,
911 1649 1051 1734 sedebitis
1062 1646 1100 1723 (5
1108 1673 1163 1717 vos
1171 1649 1344 1744 superdur-

288 1754 382 1823 decim
404 1752 555 1835 thronos,
576 1752 757 1848 judicantes
773 1749 927 1820 duodecim
951 1749 1052 1819 tribus
1075 1747 1182 1837 lsrael.
1235 1747 1347 1821 Vides

291 1870 380 1945 ergo
409 1847 491 1941 quia
517 1870 594 1922 non
622 1846 734 1922 solum
760 1848 938 1920 Dominus
955 1845 1117 1942 judicat,
1156 1846 1213 1918 cni
1238 1867 1347 1942 omne
1389 1909 1392 1916 .

286 1949 459 2044 judicium
487 1964 588 2042 pater
611 1948 730 2037 dedit,
764 1944 822 2018 sed
851 1948 883 2018 u
908 1943 1093 2019 constituit
1120 1945 1183 2028 sibi
1203 1945 1236 2018 u
1256 1948 1346 2024 alios

291 2050 499 2144 principes,
512 2049 569 2139 qui
583 2047 744 2140 judicent
760 2046 932 2140 populum
946 2045 989 2119 de
1005 2047 1202 2120 minoribus
1222 2047 1348 2142 causis,

290 2149 443 2244 verbum
470 2163 587 2221 autern
606 2147 703 2238 quod
726 2148 869 2241 gravius
896 2143 1025 2238 fuerit,
1047 2145 1208 2220 reserant
1233 2146 1276 2220 ad
1296 2151 1349 2240 ip·
1482 2189 1484 2196 -

280 2245 372 2322 sum.
424 2243 566 2320 Idcirco
593 2246 793 2319 dicebat&
822 2244 998 2319 Dominus
1021 2246 1070 2317 ‘de
1093 2245 1246 2338 quodam
1274 2247 1349 2339 qui·

290 2346 390 2440 dem,
417 2347 497 2439 quia
520 2371 592 2418 rens
609 2352 674 2416 erit
696 2347 837 2440 confisis,
864 2345 908 2417 de
929 2347 999 2418 alio
1024 2360 1163 2438 autem,
1192 2370 1261 2417 reus
1284 2356 1350 2421 erit

286 2450 429 2547 juditio,
467 2445 569 2517 &de
585 2439 692 2535 ¹aiio,
728 2468 798 2514 reus
824 2451 886 2513 eris
909 2446 1057 2540 gehenna
1081 2450 1174 2539 ignit.
1224 2446 1349 2521 Sed&

293 2545 338 2618 de
359 2542 456 2616 omni
480 2545 601 2615 verbo·
620 2540 741 2615 otioso
770 2542 1134 2636 dicimurpraestaturi
1156 2544 1349 2642 rationem,

293 2643 426 2718 &non
449 2641 538 2715 dixit
559 2644 639 2733 quia
664 2642 747 2714 Deo
771 2640 1007 2735 prestabimus
1032 2643 1233 2735 rationem,
1259 2643 1350 2718 sicut

294 2741 339 2816 de
354 2741 510 2835 perjurio
534 2740 637 2815 dicit:
668 2739 784 2812 Reddet
801 2761 906 2812 autem
926 2745 1060 2812 Domino
1071 2747 1259 2842 juramenta
1279 2761 1348 2820 tua.

291 2841 430 2916 Verum
452 2840 611 2938 &regina
628 2842 737 2939 Austri
758 2842 861 2934 surget
878 2847 915 2911 in
929 2844 1049 2940 juditio
1067 2865 1133 2911 cum
1153 2847 1239 2911 viris
1257 2867 1351 2939 gene·

288 2948 433 3014 'rationis
464 2941 593 3040 hujus,
635 2941 672 3017 U
703 2943 920 3038 condemnnbt't
946 2963 1004 3017 ets.
1067 2935 1163 3016 Ecce
1194 2942 1228 3015 dt
1257 2943 1352 3020 aliud

291 3040 415 3135 judicii
434 3058 556 3135 genus.
609 3043 678 3134 ¹Qui
699 3045 790 3112 nater
808 3037 900 3113 aures
921 3041 1068 3112 audiendi
1086 3044 1209 3116 audiat.
1249 3038 1352 3118 ·Haee

290 3142 391 3220 enim
413 3141 531 3212 omnia
552 3140 711 3235 typus&
731 3139 855 3213 umbra
873 3137 953 3236 sunt
972 3131 1183 3233 c'oeiesttun,
1218 3140 1352 3218 &ima-

295 3261 345 3337 go
361 3239 576 3313 futurorum.
626 3235 764 3314 Verum
780 3240 870 3313 srtut
884 3239 1050 3336 scriptum
1073 3241 1242 3336 legimus,
1270 3244 1353 3335 quia

296 3363 363 3409 mn
378 3340 522 3427 sarriatur
540 3334 645 3410 oraim
665 3341 799 3409 videndo
819 3348 981 3410 metauris
1001 3342 1174 3436 audiendo,
1200 3343 1351 3426 nec'nos

241 3482 246 3495 ·
295 3438 408 3513 satiari
422 3432 601 3532 possumus
618 3437 792 3512 intuendo
808 3435 1129 3530 &confiderand03
1152 3449 1228 3532 que
1246 3441 1357 3535 serip2

288 3553 336 3612 'ta
362 3535 467 3632 sunt,
504 3550 594 3631 quot
616 3558 661 3612 ex
691 3539 851 3631 partibus
878 3555 946 3611 nos
973 3535 1173 3634 edificent,
1211 3542 1353 3631 quantis

288 3651 366 3711 mos
388 3636 563 3711 instruant
589 3638 716 3712 modis.
773 3629 915 3712 Etenim
945 3653 1026 3712 cum
1049 3635 1224 3732 perspicio
1253 3639 1354 3731 quod

295 3733 445 3830 Moyses
471 3736 653 3828 Propheta
681 3729 766 3811 Deo
789 3739 942 3832 plenus,
982 3739 1039 3812 cui
1066 3735 1284 3812 D'e'us'sacie
1308 3735 1353 3814 ad

289 3834 425 3910 satiem
448 3834 688 3929 loquebatur,
732 3831 913 3935 consilium
939 3831 1079 3934 accepit
1105 3860 1124 3909 a
1152 3832 1278 3928 Jethro
1305 3834 1376 3921 sa·‚
1403 3898 1412 3910 ,

299 3934 430 4008 cedote
451 3933 631 4030 Madian,
645 3936 876 4008 admiratione
898 3935 1004 4011 nimia
1026 3933 1205 4032 stuporem
1223 3939 1355 4012 inentis
1456 3985 1459 3990 -

296 4035 456 4111 incurro.
505 4035 606 4110 Dicit
636 4038 732 4111 enim
760 4036 958 4131 scriptura:
1000 4037 1048 4114 Et
1075 4038 1205 4162 audivit
1228 4038 1355 4132 Mopsus
1459 4093 1464 4152 ,

1202 4157 1304 4212 vocem
1378 4206 1415 4234 x.
