3417 4692
431 347 499 427 ru
524 269 1199 457 eenenunonnmxa
1275 355 1348 448 ⁵³9
1404 331 1408 344 “

287 504 538 604 dinuptiar-'um
547 505 868 603 maritnsexistere,
882 501 1349 612 dt(verbicausa)lihbspi··

286 612 463 685 talitatem
480 613 635 683 libenter
653 631 821 704 exerces,
846 611 939 683 hanc
955 610 1021 682 tibi
1041 612 1232 707 conjugem
1250 609 1349 683 uide³
1452 635 1468 643 ··

288 712 385 784 beris
400 707 615 801 aliumpsriie.
659 709 756 782 Huic
770 707 795 782 fi
810 709 983 782 addideris
1003 729 1199 802 pauperum
1213 729 1349 804 curam,

287 809 477 885 secundam
494 809 673 882 videberis
694 807 841 882 sortitus
853 829 1017 884 uxorem.
1068 809 1181 909 Quod
1197 808 1270 883 li&
1289 831 1349 903 pn·

290 913 452 983 tientiam
479 909 546 983 tibi
565 909 694 1003 jungas
718 909 752 981 ἃ
776 903 1080 982 mansuetudinem
1095 962 1119 1001 ,.
1134 906 1353 1001 ceterasque
1395 999 1399 1006 .

288 1012 469 1101 virtutes,
500 1024 560 1080 tot
578 1008 754 1082 videberis
773 1006 946 1100 accepiffe
967 1028 1131 1100 uxores,
1166 1008 1257 1099 quot
1276 1009 1350 1081 vir*

273 1109 428 1181 ¹tutibus
450 1108 592 1204 gaudes.
644 1107 733 1180 lnde
749 1127 838 1204 ergo
859 1106 929 1197 est,
949 1108 1050 1200 quod
1070 1107 1266 1180 nonnullos¹
1284 1105 1351 1182 Pa-

290 1209 523 1281 triarcharum
541 1208 637 1281 simul
656 1208 776 1299 plures
795 1204 950 1280 habuilie
967 1191 1160 1303 conjugeb,
1186 1207 1349 1281 alios-de«

289 1306 418 1382 fundis
435 1309 614 1401 prioribus
631 1301 801 1399 accepiiie
818 1308 921 1399 alias,
946 1304 1120 1402 scriptura
1133 1327 1352 1381 commemoe
1481 1395 1484 1400 ¹

290 1421 366 1480 rat:
391 1423 432 1478 ut
453 1405 540 1479 illud
558 1402 753 1503 figuraliter
768 1405 970 1497 indicetur,
997 1405 1096 1498 quod
1116 1406 1255 1498 quidam
1272 1408 1350 1499 plu·
1451 1467 1455 1478 .

290 1523 349 1579 res
366 1505 463 1579 srmul
485 1504 632 1600 poliunt
652 1524 823 1579 exercere
849 1505 1031 1598 virtutes,
1058 1505 1114 1578 alii
1132 1527 1207 1579 non
1228 1507 1347 1601 prius,
1440 1540 1446 1552 ·

291 1626 370 1697 quae
384 1603 578 1698 sequuntur
590 1602 771 1698 incipere,
798 1615 903 1698 quam
917 1606 1038 1698 priora
1051 1603 1286 1698 perduxerint
1303 1607 1349 1681 ad

289 1703 498 1799 perfectum.
547 1705 635 1779 Inde
658 1705 811 1794 denique
830 1704 1004 1777 Salomon
1021 1705 1141 1796 plures
1163 1705 1263 1779 timul
1286 1706 1347 1780 hae

289 1803 402 1878 buiffe
419 1804 573 1879 refertur
586 1824 741 1897 uxores,
768 1801 825 1876 cui
840 1804 980 1878 dixerat
990 1802 1188 1878 Dominus:
1213 1807 1349 1901 Sapimr

291 1923 369 1976 ante
387 1921 419 1976 te
434 1904 578 1997 nonfuit
597 1905 693 1991 ralis,
715 1901 759 1980 d
770 1903 833 2001 μβ
849 1918 881 1975 re
894 1927 961 1974 uon
975 1910 1049 1977 erit.
1074 1903 1170 2004 Quia
1182 1923 1272 2000 ergo
1288 1901 1348 1980 dc·

291 2004 393 2078 derat
406 2006 439 2076 ei
456 2003 635 2079 Dominus
646 2003 910 2078 multitudinem
920 2003 1143 2098 prudentie,
1169 2003 1258 2076 irent
1273 2026 1349 2079 are·

291 2125 338 2178 na
353 2100 404 2177 est
420 2105 547 2197 maris,
572 2118 614 2177 ut
622 2104 799 2197 judicaret
812 2104 987 2197 populum
1000 2103 1099 2178 suum
1112 2105 1148 2174 in
1165 2099 1348 2199 sapientia,

290 2204 376 2278 ideo
399 2204 518 2296 plures
543 2203 643 2278 simul
664 2217 811 2297 poterat
837 2222 1008 2276 exercere
1035 2198 1202 2278 virtutes.
1255 2204 1348 2279 Sane

289 2318 421 2396 praeter
443 2301 538 2397 hoc,
564 2302 664 2395 quod
692 2303 836 2399 exlege
859 2302 931 2376 Dei
952 2301 1171 2395 edocemur,
1196 2301 1348 2380 stetiam

292 2424 339 2474 ex
361 2403 416 2475 his
439 2403 723 2496 eruditionibus,
759 2423 837 2493 quae
857 2400 1074 2475 extrinsecus
1091 2401 1262 2475 videntur
1275 2403 1349 2478 else

290 2504 328 2574 in
349 2498 502 2596 sarculo,
529 2503 659 2594 aliquas
681 2502 943 2596 contingimus:
968 2501 1072 2574 verbi
1091 2497 1211 2594 causa,
1236 2507 1279 2575 ut
1296 2500 1349 2578 est

291 2601 448 2675 eruditio
466 2601 666 2695 literarum,
691 2604 753 2675 vel
765 2603 850 2673 artis
864 2601 1119 2698 grammaticae,
1144 2605 1187 2672 ut
1204 2598 1255 2673 est
1263 2619 1350 2697 geo»

289 2701 441 2775 metrica
460 2699 646 2794 doditina,
677 2701 740 2773 vel
760 2701 855 2772 ratio
876 2713 1134 2790 numerorum,
1159 2702 1349 2776 ueletiam
1479 2780 1483 2792 ,

292 2799 474 2874 dialectica
497 2799 695 2894 disciplina:
720 2801 755 2872 dt
774 2799 850 2873 hac
863 2798 984 2872 omnia
996 2797 1213 2884 extrinsecus
1231 2801 1349 2892 quob

291 2913 355 2992 ta,
382 2901 425 2973 ad
443 2899 564 2974 nostra
575 2899 735 2974 instituta
747 2896 997 2999 perducimus,
1017 2914 1125 2990 atque
1141 2897 1177 2972 in
1188 2895 1350 2974 ninere·

290 3021 376 3074 nem
389 3000 518 3074 nostre
527 3002 615 3097 legis
630 2995 868 3093 adsciscimus,
882 3015 970 3071 tunc
982 3000 1183 3072 videbimur
1193 3002 1253 3073 uel
1268 3001 1350 3074 blie-

291 3098 437 3196 nigenas
453 3100 492 3173 in
506 3099 771 3175 matrimonium
786 3095 981 3191 sumpisse,
1006 3099 1067 3172 uel
1086 3097 1193 3171 etiam
1214 3113 1349 3173 contu

291 3197 406 3274 binas.
463 3198 513 3272 tt
535 3199 561 3273 fi
584 3199 629 3272 de
648 3197 892 3293 hujuscemodi
912 3196 1088 3295 conjugiis
1111 3194 1349 3296 disputando,

289 3296 508 3392 differendo,
533 3298 822 3378 contradicentes
832 3296 1102 3392 redarguendo,
1129 3307 1351 3375 convertere

286 3399 430 3492 aliquos
448 3389 648 3494 poterimus
668 3394 860 3491 aolidem,
887 3395 1119 3472 &fiscis-eos
1132 3398 1348 3495 rationibus,

292 3497 482 3572 &artibus
505 3496 736 3592 superantes,
772 3509 895 3571 veram
910 3494 1171 3593 philosophiam
1192 3495 1348 3594 Christi,
1388 3527 1393 3536 ·

288 3599 329 3672 dt
347 3619 469 3673 veram
488 3600 657 3692 pietatem
671 3597 740 3669 Dei
760 3595 933 3690 suscipere
952 3593 1176 3669 suaseiimds':
1201 3605 1290 3673 tamt
1301 3601 1350 3680 'ex

290 3697 474 3773 dialettica
492 3702 552 3773 vel
579 3697 790 3790 rhetorica,
823 3697 1025 3769 videbimur
1044 3696 1137 3788 qudsr
1155 3705 1208 3770 -eit
1227 3699 1349 3770 alieni-

291 3815 384 3898 'gena
403 3797 577 3891 quadam,
605 3798 665 3873 vel
684 3797 887 3872 concubina
905 3794 1001 3869 lilios
1019 3792 1183 3891 genuill'e.
1230 3780 1348 3891 igino

289 3901 338 3973 ad
351 3902 441 3974 tales
455 3900 617 3997 nuptias,
641 3899 704 3972 vel
719 3896 764 3970 ad
774 3893 1027 3990 huiuscemodi
1044 3890 1140 3968 lilios
1155 3901 1349 3986 procreen-

263 3988 360 4077 'dos
373 4013 440 4096 pet
460 3997 1005 4089 senebamnuluuercluditur,
1022 3985 1104 4069 iinb
1124 3995 1347 4168 patiupstbae

339 4135 343 4144 =
1204 4113 1224 4166 c
1277 4116 1299 4168 a
