3417 4692
489 399 1244 570 rucnunsrmrromrnrnv.
1324 477 1399 557 199

338 633 481 688 carnem
496 615 793 709 concupiscentiis
813 617 847 689 dt
865 617 1115 709 voluptatibus
1132 617 1288 691 deditam
1311 616 1400 720 dixi7

334 735 442 806 mus,
476 717 567 787 non¹
584 717 938 811 negligenter¹hac,
975 737 999 790 o
1032 718 1195 811 auditor,
1229 717 1398 810 excipias.

336 812 548 889 Observare·
560 815 653 887 enim
668 816 798 899 debes,
819 837 866 889 ne
885 814 983 888 forte
999 816 1104 890 etiam
1123 838 1206 892 cum
1228 814 1397 913 effugeris

333 912 491 987 flammas
508 912 624 987 saeculi
641 913 849 990 &incendia
863 918 976 989 carnis
990 915 1164 1009 evaseris,
1189 916 1296 990 etiarn
1313 935 1396 994 cum

332 1013 492 1108 pusillam
509 1012 542 1086 u
557 1035 635 1088 non
652 1015 808 1108 pusillam
828 1017 1012 1096 civitatem
1025 1017 1158 1112 Segor,
1185 1016 1244 1108 qui
1260 1014 1311 1090 est
1323 1035 1398 1092 mo·

333 1112 411 1188 dius
432 1114 572 1203 quidam
598 1112 632 1187 dc
655 1115 770 1190 civilis
790 1114 996 1209 prosedlus,
1022 1113 1272 1208 superaveris,
1298 1113 1332 1187 ἀ
1350 1113 1396 1190 ad

263 1305 265 1309 Ι
332 1209 488 1285 scientiae
521 1209 771 1308 altitudinem,
807 1216 911 1290 velut
944 1215 988 1287 ad
1019 1215 1178 1306 quaedam
1211 1215 1397 1288 cacumine

323 1313 468 1386 'montis
484 1311 698 1387 ascenderis:
724 1314 828 1407 vide,
849 1337 896 1388 ne
910 1316 975 1388 tibi
991 1314 1196 1388 insidientur
1217 1314 1295 1387 duae
1313 1310 1395 1386 filiae

331 1409 426 1502 istae,
455 1434 531 1503 quae
549 1434 569 1485 a
584 1428 622 1486 te
638 1435 713 1487 non
725 1414 930 1506 discedunt,
957 1413 1016 1488 sed
1031 1412 1223 1506 sequuntur
1236 1427 1274 1487 te
1286 1413 1394 1488 etiam

333 1532 414 1583 cum
431 1511 586 1586 ascendis
599 1513 638 1586 in
651 1529 833 1606 montem,
854 1512 975 1605 idest,
1002 1535 1095 1586 vana
1114 1513 1249 1610 gloria,
1273 1511 1415 1588 &ma--

326 1609 388 1704 jor
404 1608 507 1684 soror
524 1614 599 1705 ejus
612 1611 784 1706 superbia.
818 1615 932 1705 Vide,
949 1635 996 1686 ne
1007 1612 1079 1685 istae
1093 1611 1174 1686 filiae
1188 1629 1224 1687 te
1236 1611 1395 1705 sopitum

331 1731 374 1782 ac
392 1711 651 1805 dormientem,
677 1713 760 1787 dum
782 1715 845 1787 tibi
861 1735 929 1788 nec
952 1710 1080 1786 sentire
1103 1735 1172 1786 nec
1188 1712 1392 1806 intelligere

331 1809 497 1904 videris,
518 1814 782 1905 ¹complexibus
805 1811 873 1886 suis
899 1811 1081 1909 stringant
1133 1815 1225 1912 Quae
1252 1811 1391 1888 idcirco

327 1904 410 1982 filiae
432 1911 623 2004 dicuntur,
657 1913 838 2005 quianon
857 1911 963 1987 nobis
984 1910 1201 1986 extrinsecus
1221 1912 1391 2005 supervo·

327 2009 472 2089 niunt2.
494 2009 552 2084 sed
579 2012 624 2084 de
648 2014 807 2086 nobis&
828 2014 873 2087 de
894 2010 1032 2088 anuum
1058 2011 1264 2086 nostrorum
1286 2011 1392 2085 velut

327 2103 476 2200 qua'dam
502 2111 708 2206 integritate
724 2114 940 2206 procedunt.
1000 2112 1118 2209 Vigila
1137 2131 1246 2207 crgo,
1280 2128 1390 2207 quan·

328 2219 406 2281 tum
425 2223 555 2303 potes,
582 2211 615 2283 dt
633 2211 806 2306 observa,
821 2235 868 2286 ne
881 2212 925 2284 de
936 2210 989 2296 his
1004 2234 1150 2308 generes
1165 2210 1280 2286 filios:
1306 2207 1389 2301 quia

328 2308 389 2399 qui
411 2309 455 2379 de
473 2310 526 2383 his
547 2311 620 2384 nati
636 2311 794 2405 fuerint,
820 2333 898 2385 non
913 2312 1118 2385 introibunt
1136 2312 1172 2383 in
1194 2308 1389 2384 Ecclesiam

325 2403 487 2483 Domini.
537 2408 597 2482 Tu
622 2425 762 2503 autern,
786 2412 813 2488 fi
833 2414 889 2484 vis
905 2430 1097 2507 generare,
1122 2412 1160 2485 in
1179 2408 1302 2503 spiritu
1326 2427 1386 2504 ge·

326 2527 435 2603 nera,
462 2510 630 2600 quoniam
654 2515 709 2609 qui
725 2517 761 2582 in
779 2514 897 2608 spiritu
910 2511 1069 2599 samium,
1104 2510 1268 2602 despiriru
1291 2519 1387 2582 mem

322 2615 431 2678 viram
451 2626 610 2681 aternam.
662 2610 698 2686 Si
722 2612 777 2682 vis
804 2607 987 2705 ampleili,
1013 2607 1225 2702 ampledlare
1250 2606 1386 2701 sapien·

296 2765 298 2770 .
325 2707 413 2781 tiam
426 2707 459 2780 &
472 2708 530 2784 dic
543 2707 746 2801 sapientiam
762 2708 924 2786 sororem
938 2707 1135 2800 termetis,
1148 2707 1236 2783 ut&
1250 2708 1386 2805 sepicu-

322 2805 375 2880 tia
395 2808 490 2883 dicat
510 2809 555 2884 de
579 2821 635 2883 te:
660 2812 730 2906 Qui
745 2809 863 2903 jecerit
878 2810 1077 2880 voluntatem
1098 2811 1209 2884 Patris
1224 2811 1300 2895 mei,
1325 2807 1385 2907 qm'

320 2910 360 2976 t'n
380 2913 462 2977 reiis
486 2912 542 3005 est,
569 2909 624 2981 bie
646 2935 730 2980 meus
749 2911 787 2986 U
805 2911 938 3000 frater,
965 2907 1004 2989 Q*
1020 2910 1127 2996 soror,
1153 2904 1193 2983 (5
1213 2924 1315 2980 mater
1331 2903 1384 3003 est.

323 3008 417 3105 Quae
432 3006 600 3102 sapientia
615 3008 712 3103 Jesus
727 3009 884 3083 Christus
905 3008 1082 3085 Dominus
1094 3006 1216 3086 noster
1229 3006 1298 3093 est,
1325 3003 1390 3086 cut

320 3106 372 3184 est
388 3109 550 3203 gloria&
569 3109 757 3203 imperium
773 3113 810 3186 in
824 3108 948 3188 saecule
969 3104 1191 3188 saeculorum.
1215 3104 1347 3184 Arnen.

330 3302 1382 3340 *an—*M*

608 3446 1088 3528 HOM1L1AV1.
1142 3391 1146 3399 ’
1221 3416 1259 3442 ”

319 3565 373 3640 De
393 3565 572 3640 Alimeleclr
586 3593 652 3664 rege
674 3568 932 3666 Philiflimrum,
958 3572 1101 3669 quomado
1123 3572 1257 3670 accipere
1273 3564 1383 3638 voluit

631 3671 747 3740 Suram
762 3672 800 3737 ira
814 3674 1064 3744 matrimonium.

320 3822 353 3876 1.
433 3805 564 3879 ecitata
577 3804 628 3879 est
640 3808 746 3880 nobis
761 3806 907 3892 historia
919 3809 1001 3882 libri
1017 3805 1223 3896 Geneseos,
1248 3801 1310 3876 ubi
1325 3820 1382 3876 re·

456 3904 583 3994 fertur,
597 3908 694 3997 quod
706 3906 788 3999 post
801 3907 975 3982 vifionem
986 3910 1093 3983 trium
1107 3906 1284 3992 virorum,
1296 3897 1381 3995 post

315 4003 540 4078 eversionem
562 4003 826 4098 Sodomorum,
860 4008 895 4080 u
918 4009 1016 4080 Loth
1047 3998 1379 4096 veihospitalitutit

316 4106 449 4180 merito
466 4106 530 4180 vel
546 4103 861 4204 consanguinitatis
880 4103 1038 4188 Abraitoe
1055 4103 1402 4210 gramnsmunme

842 4209 881 4289 N
910 4236 942 4315 it¹
1176 4325 1187 4331 ,-
1257 4197 1368 4300 liiii·
