3417 4692
326 530 329 534 Ι
406 387 501 497 'ru
527 349 814 496 canneru
834 417 1119 500 uourara
1143 419 1187 499 x.
1276 444 1349 522 235

353 599 397 676 ¹5.
424 580 494 656 Sed
513 596 555 656 ut
578 582 783 658 omittemus
802 581 975 678 plurima,
1000 602 1119 675 neque
1138 585 1232 660 eninr
1250 605 1350 662 eom·

282 681 467 759 mentandi
486 703 582 756 nunc
601 696 742 775 tenpus
764 679 837 773 est,
864 679 936 760 sed.
949 679 1143 757 edificandi
1165 686 1348 760 ecclesiam

285 783 384 874 Dei,
409 781 444 855 dr
467 783 641 878 pigriores
664 802 705 855 ac
722 778 855 856 desides
880 779 1062 856 auditores
1082 784 1253 877 exemplis
1273 783 1349 860 san·

287 884 427 958 ciorum
449 879 661 973 &mysticis
683 881 996 974 explanationibus
1019 884 1271 974 provocandi:
1297 884 1350 958 se·
1397 879 1401 886 ’

286 994 372 1054 cuta
385 1001 534 1072 puerum
551 981 738 1071 Rebecca,
754 982 869 1054 uenit
888 980 940 1062 ad,
951 978 1056 1056 lsaac.
1107 980 1237 1057 Secuta
1252 984 1350 1060 enim

285 1082 487 1155 sermonem
510 1083 763 1175 propheticum
786 1078 945 1164 Ecclesia
968 1081 1073 1152 venit
1094 1082 1138 1153 ad
1157 1080 1346 1160 Christum.

285 1177 338 1252 Et
360 1179 422 1255 ubi
443 1201 525 1255 eum
542 1177 717 1255 invenits
747 1183 796 1251 Aa
815 1197 966 1276 pureum,
980 1265 983 1276 ⁴
999 1179 1137 1275 inquit,
1163 1184 1348 1278 juramenti

285 1278 542 1352 deambulantem.
620 1280 807 1371 Nusquam
835 1278 1059 1352 receditura
1084 1281 1231 1374 puteis,
1256 1302 1347 1356 nun·

285 1400 392 1470 qtram
416 1378 589 1453 desistitur
611 1381 654 1452 ab
671 1382 779 1471 aquis.
830 1378 1000 1453 Rebecca
1022 1378 1207 1452 invenitur
1225 1381 1268 1454 ad
1282 1401 1347 1478 pu·

286 1493 397 1556 teum.
430 1478 579 1552 Rursum
592 1477 759 1553 Rebecca
773 1478 816 1552 ad
835 1492 985 1569 puteum
999 1479 1141 1553 invenit
1152 1478 1256 1562 lsaac.
1292 1481 1348 1558 lbi

286 1579 425 1670 primos
444 1579 519 1669 eius
540 1580 806 1670 contemplatur
823 1576 1000 1670 aspedtus,
1024 1577 1074 1651 ibi
1094 1578 1205 1654 desilit
1224 1577 1269 1652 de
1289 1600 1346 1653 ca·

284 1679 400 1768 melis,
424 1678 474 1751 ibi
487 1700 507 1748 a
522 1697 637 1769 puero
654 1678 714 1751 fibi
729 1675 1006 1750 demonstratum
1022 1675 1116 1750 vidit
1125 1675 1230 1754 Isaac.
1255 1677 1346 1752 Haec

285 1791 390 1871 putas
416 1772 491 1849 sola
516 1776 641 1856 referri
669 1777 713 1849 de
735 1776 884 1868 puteis?
926 1776 1099 1871 &Jacob
1124 1779 1169 1852 ad
1197 1791 1346 1871 puteum
1368 1809 1379 1826 =

285 1876 410 1966 venit,
439 1876 473 1948 dr
492 1876 540 1949 ibi
559 1876 703 1950 invenit
717 1874 877 1967 Rachel,
908 1876 1005 1949 &ibi
1019 1874 1213 1954 innotescit
1227 1879 1258 1950 ei
1274 1877 1346 1954 Ra-

286 1976 368 2049 chel
386 1977 483 2047 bona
505 1976 646 2068 oculis,
674 1974 858 2048 &decora
871 1973 1020 2067 aspeilu.
1054 1975 1175 2050 Sed&
1192 1974 1345 2069 Moyses

284 2074 329 2148 ad
347 2089 494 2166 puteum
509 2074 652 2150 invenit
667 2073 843 2150 Sefforam
860 2071 967 2148 filiam
981 2075 1129 2172 Raguel.
1168 2074 1345 2154 Nondum

284 2174 467 2267 moveris,
492 2189 535 2246 ut
557 2174 633 2248 haec
647 2175 821 2272 intelligas
843 2172 1044 2272 spiritaliter
1059 2173 1160 2254 dici?
1186 2175 1262 2248 Aut
1279 2197 1344 2271 pu·

285 2288 340 2346 tas
358 2270 592 2365 sempercasu
605 2275 837 2368 confingere,
863 2287 906 2346 ut
924 2272 1134 2348 Patriarchae
1149 2275 1193 2348 ad
1211 2287 1345 2368 puteos

285 2373 456 2445 veniant:
484 2371 517 2443 δι
540 2373 583 2445 ad
606 2395 712 2464 aquas
737 2373 902 2468 conjugia
924 2372 1142 2448 sortiantur:
1172 2374 1248 2469 Qui
1267 2376 1345 2452 baeo

284 2472 334 2545 ita
349 2486 472 2562 putat,
499 2473 649 2545 animalis
667 2474 780 2545 homo
794 2472 866 2560 est,
895 2471 1009 2543 &non
1026 2480 1179 2569 percipit,
1199 2477 1345 2568 quastus

281 2571 419 2662 spiritus
434 2575 510 2649 Dei.
542 2572 611 2643 Sed
630 2573 790 2669 quivult
805 2586 947 2645 maneat
962 2573 999 2646 in
1017 2572 1094 2665 his,
1116 2584 1258 2645 maneat
1271 2575 1345 2644 ani·
1393 2637 1401 2650 .

285 2673 407 2745 malis:
435 2692 504 2765 ego
520 2670 665 2743 Paulum
678 2667 880 2762 apostolum
898 2670 1066 2763 sequens,
1100 2672 1182 2742 dico
1201 2673 1276 2743 baec
1294 2670 1343 2744 es·
1371 2757 1374 2762 ¹

285 2769 320 2841 se
344 2772 564 2862 allegorica,
605 2768 638 2841 ἁ
665 2767 864 2842 sandiorum
892 2772 1032 2862 nuptias
1052 2767 1344 2861 conjunctionem

286 2870 369 2942 dico
393 2866 461 2944 else
479 2869 601 2941 anime
619 2889 700 2942 cum
718 2871 836 2941 verbo
855 2867 936 2944 Dei.
987 2873 1057 2966 Qui
1075 2872 1168 2942 enim
1180 2873 1295 2967 ‚iungis
1306 2870 1345 2959 se

290 2975 450 3054 Domino,
476 2993 558 3038 unus
572 2965 708 3062 spiritus
721 2969 769 3063 efl.
795 2966 900 3042 Hanc
918 2981 1036 3044 autem
1053 2968 1345 3061 conjunsiionem

285 3068 407 3162 ataimae
423 3089 504 3141 cuna
522 3069 665 3161 verbo,
691 3082 828 3142 certum
846 3066 896 3142 est
912 3089 988 3142 non
1005 3070 1108 3144 aliter
1124 3065 1203 3142 fieri
1221 3066 1344 3163 posse,

285 3168 348 3241 nisa
368 3189 432 3259 per
446 3166 713 3244 instructionem
733 3167 940 3241 divinorum
955 3170 1152 3261 librorum,
1179 3169 1239 3266 qui
1256 3165 1345 3264 ligu-

284 3268 405 3358 raliter
424 3267 523 3360 putei
540 3270 772 3365 appellantur.
800 3265 859 3339 Aa
877 3288 967 3359 quos
988 3268 1013 3344 li
1034 3270 1111 3360 quis
1135 3270 1281 3361 veniat,
1308 3267 1345 3342 dt

283 3368 422 3441 hauriat
439 3388 485 3440 ex
501 3366 578 3456 his,
605 3388 734 3458 aquas,
759 3366 864 3442 idest
885 3367 1091 3444 meditando
1110 3368 1243 3460 iubis,
1269 3365 1345 3442 sen·
1391 3415 1394 3422 -
1413 3387 1432 3430 ι·

283 3465 407 3542 sum&
427 3464 645 3544 intelledlum
668 3466 842 3558 percipiat
856 3466 1042 3561 alborem,
1076 3467 1345 3561 invenietnup·

283 3567 350 3637 tias
368 3566 453 3640 Deo
471 3565 605 3661 dignas.
656 3565 897 3660 Coniungitur
919 3568 1013 3642 enim
1034 3567 1149 3642 anima
1164 3569 1240 3662 eius
1259 3588 1342 3641 curo

282 3664 381 3740 Deo.
403 3666 534 3739 Desilit
553 3667 658 3740 etiam
679 3664 902 3756 decantetis,
929 3664 1056 3758 idest,
1085 3664 1232 3752 discedit
1253 3667 1342 3738 avi·
1453 3686 1457 3690 ·

281 3765 376 3856 tiis,
418 3766 540 3855 abjicit
565 3765 827 3838 irrationabiles
857 3761 1001 3856 sensus,
1044 3764 1080 3840 dt
1110 3766 1340 3859 conjungitur

282 3862 387 3940 Isaac.
435 3863 592 3957 Dignum
607 3886 760 3956 namque
779 3862 853 3955 est,
879 3879 920 3934 ut
934 3862 1026 3936 Isaac
1044 3863 1252 3946 trauseatde
1271 3867 1341 3935 vir·

282 3974 363 4039 tute
381 3963 424 4035 ad
442 3967 625 4040 virtutem.
647 3999 651 4006 ·
678 3963 752 4060 Qui
771 3963 916 4040 virtutis
934 3959 1025 4037 filius
1041 3963 1093 4038 est
1107 3961 1219 4053 Sara,
1245 3967 1341 4039 nttnc

280 4064 520 4165 conjungitur
536 4062 570 4142 dr
586 4062 742 4156 sociatur
760 4064 962 4159 patientias,
990 4084 1067 4162 que
1089 4061 1140 4142 est
1159 4063 1339 4236 Rebzca
