3417 4692
234 325 240 334 “
326 375 399 451 270
522 395 567 408 ·.
672 349 1083 428 ourenurs
1164 321 1168 326 ’

328 517 426 594 cacia
442 513 686 611 intelligentie
704 510 864 590 celestis.
890 512 994 587 Israel
1015 515 1057 587 ab
1082 516 1131 588 eis
1147 511 1284 607 sepeliri
1301 513 1395 589 dica·

325 629 413 692 tur:
439 618 519 708 quia
546 614 638 708 apud
663 614 791 706 impios
812 611 916 687 sancii
935 616 1069 687 mortui
1087 612 1191 703 sunt,
1229 613 1394 707 &sepol-

328 719 369 793 ti.
422 715 509 790 Haec
522 715 558 787 in
577 726 747 806 quantum
772 713 815 786 ad
832 713 982 807 praesens
999 735 1191 786 occurrere
1206 719 1330 806 potuit
1347 718 1393 789 de

329 814 530 892 differentia
543 813 680 908 Jacob,
707 810 882 905 elfred,
909 827 1104 888 memorata
1119 816 1185 888 sant
1198 814 1315 889 nobis.

319 999 322 1006 Ι
405 934 438 1004 ς.
464 913 622 1010 Dignum
641 909 723 985 sane
736 911 818 1006 post
831 912 907 986 haec
923 913 1068 986 videtur
1083 916 1235 1006 intueri,
1262 915 1393 1007 &pro-

329 1013 486 1111 spicere,
514 1034 590 1103 quae
616 1012 658 1085 ad
674 1009 786 1104 ipsum
809 1010 911 1084 Deus
928 1013 1118 1104 loquetur,
1152 1015 1184 1085 u
1204 1015 1392 1104 quomodo

330 1137 437 1206 eum,
463 1114 567 1185 velut
586 1113 630 1184 ad
653 1108 820 1204 quosdam
843 1133 977 1208 agones
996 1108 1282 1204 proficiscentem
1311 1136 1391 1185 cor·

329 1215 531 1304 roborans,
559 1211 592 1283 δι
612 1212 836 1302 cohortans,
860 1213 980 1284 mittat
1000 1211 1044 1285 ad
1064 1211 1272 1307 AEgyptum.
1325 1214 1392 1286 Ait

331 1315 443 1388 enim:
467 1315 546 1385 Noli
563 1318 672 1383 timere
684 1313 855 1394 &deridere
873 1321 908 1384 in
920 1314 1119 1406 AEgnprum,
1146 1315 1218 1386 hoc
1234 1311 1283 1384 est
1299 1312 1392 1386 dice-

329 1435 392 1505 re,
419 1410 676 1506 congressurus
692 1409 859 1483 adversus
879 1411 1099 1504 principatus
1122 1411 1155 1484 dt
1174 1410 1391 1505 potestates,

332 1508 558 1588 &adversus
585 1510 707 1584 mundi
737 1508 840 1602 hujus
867 1508 955 1606 (qui
983 1507 1178 1606 figuraliter
1209 1510 1391 1606 AEgyptus

331 1610 550 1708 appellatur)
564 1608 722 1684 rectores
738 1611 966 1684 tenebrarum
982 1611 1127 1702 harum,
1153 1613 1227 1685 noli
1241 1612 1390 1704 timere,

330 1714 408 1788 noli
425 1711 614 1803 trepidare.
668 1707 823 1810 Quodsi
844 1706 878 1780 δι
899 1707 1033 1784 causam
1050 1707 1136 1782 scire
1150 1711 1228 1801 vis,
1265 1713 1391 1783 curti·

317 1832 430 1900 ¹mere
443 1832 518 1884 non
530 1810 676 1902 debeas,
693 1808 773 1884 audi
791 1809 1051 1900 promiffionem
1067 1831 1199 1886 meam:
1221 1815 1259 1881 ln
1267 1828 1394 1903 gamon

332 1920 417 1986 mim
438 1935 580 2002 magnam
593 1909 717 2002 faciam
732 1923 767 1984 te,
779 1910 844 1995 ibi,
870 1907 910 1983 (5
931 1910 1104 1998 descendam
1119 1928 1216 1979 recum
1233 1918 1268 1980 in
1282 1913 1393 2004 ,AEgy-

325 2029 439 2120 ptum,
465 2010 503 2084 U
519 2034 566 2102 ego
586 2028 617 2079 ra
633 2006 777 2100 ,revocabo
795 2010 868 2078 inde
884 2013 923 2080 in
927 2011 1040 2098 finem.
1076 2008 1166 2082 Non
1187 2031 1274 2106 ergo
1290 2011 1394 2082 timet

269 2129 295 2164 ν·
334 2109 549 2186 descendere
574 2109 611 2180 in
633 2103 863 2202 AEgyptum,
898 2129 975 2180 non
1005 2110 1107 2182 timet
1131 2131 1264 2205 agones
1289 2111 1393 2202 hujus

333 2210 477 2301 mundi,
505 2207 538 2280 c
566 2205 806 2296 obsistentium
828 2206 1029 2282 demonum
1046 2206 1163 2282 subire
1188 2210 1394 2300 certamina,

334 2332 414 2384 cum
434 2329 506 2399 quo
526 2307 560 2378 in
580 2325 713 2401 agones
735 2302 958 2380 descenderit
973 2307 1087 2383 Deus.
1131 2309 1296 2399 Denique
1315 2309 1396 2382 audi

294 2473 297 2480 .
335 2405 690 2503 apostolumPaulum
705 2406 905 2480 dicentum:
934 2409 1227 2500 Amulius,inquit,
1240 2433 1286 2502 ge
1301 2433 1412 2506 quam,-

319 2595 322 2600 .
335 2535 438 2604 arerem⁸
448 2505 660 2584 iffilaborovt',
669 2523 847 2576 meneutam
856 2532 915 2599 ege,
923 2512 977 2596 jen
985 2512 1092 2601 gratia
1104 2512 1165 2576 nez·
1179 2532 1302 2576 aricium.
1325 2508 1396 2582 Sed

320 2631 417 2696 ¹cum
429 2604 676 2701 Hierosoymis
698 2603 865 2678 adversus
878 2627 959 2680 eum
973 2621 1161 2682 commota
1177 2605 1293 2678 fuiiiet
1311 2609 1396 2680 sen-

317 2711 414 2799 tio,
441 2708 649 2803 &agonem
680 2704 896 2780 clarissimum
920 2727 986 2799 pro
1012 2707 1150 2799 verbe,
1178 2706 1210 2778 &
1231 2709 1325 2802 praed
1343 2730 1396 2778 ca-

335 2812 439 2885 tione
454 2806 605 2881 Domini
626 2803 831 2896 desudaret,
868 2805 999 2878 adstitit
1017 2806 1049 2878 ei
1071 2805 1270 2897 Dominus,
1298 2808 1396 2878 &di-

336 2909 392 2987 xit
413 2907 557 2999 eadem,
585 2925 662 2997 quae
683 2925 779 2978 nunc
799 2904 966 2978 dicuntur
996 2906 1039 2978 ad
1060 2903 1185 2978 Israel:
1216 2907 1317 2992 Noli,
1343 2906 1396 2978 in-

237 3046 245 3068 ,
337 3011 436 3104 quit,
463 3014 575 3080 timere
592 3006 710 3092 Paule,
736 3008 810 3101 quin
818 3004 1134 3102 ficuttessificaruses
1157 3007 1192 3076 de
1210 3031 1256 3077 me
1279 3009 1393 3076 Hiero·

329 3113 479 3205 solymis,
506 3114 554 3178 ira
571 3124 602 3178 te
616 3121 734 3199 oportet
753 3103 792 3180 (5
808 3107 911 3176 Roma
924 3104 1131 3202 testamentum
1146 3108 1228 3180 dare.
1257 3107 1395 3179 Verum

338 3231 408 3307 ego
427 3209 574 3300 amplius
593 3206 709 3278 adhuc
727 3204 858 3296 aliquid
874 3206 946 3278 hoc
965 3206 1001 3278 in
1021 3207 1109 3277 ioco
1132 3206 1287 3278 arbitror
1307 3207 1394 3277 late·

336 3332 378 3384 re
392 3306 560 3400 mysterii.
586 3303 724 3378 Movet
743 3304 836 3378 enim
854 3326 932 3398 me,
956 3305 1055 3395 quod
1075 3305 1187 3393 dixit,
1217 3309 1395 3398 ingentem

323 3432 481 3501 ‚maguam
491 3406 613 3499 faciam
632 3423 683 3493 re,
709 3402 748 3482 (J
766 3404 940 3492 descendam
964 3420 1060 3475 tecum
1077 3408 1113 3474 in
1132 3407 1329 3501 AEgyptum,
1354 3406 1394 3483 (5

338 3513 411 3581 inde
427 3522 458 3577 te
478 3506 672 3577 revocabam
685 3509 800 3597 finem.
853 3506 943 3603 Quis
962 3500 1013 3577 est
1032 3502 1114 3595 iste,
1143 3507 1200 3595 qui
1219 3503 1329 3579 faetus
1345 3505 1397 3578 est

336 3611 532 3705 ingentem
546 3626 706 3702 magnam
721 3606 758 3677 in
775 3601 961 3700 AEgypto,
988 3603 1021 3676 dr
1038 3603 1075 3675 in
1102 3600 1175 3677 fine
1197 3619 1394 3679 revocatus

323 3708 416 3784 est‘i
451 3708 635 3805 Quantum
657 3704 700 3778 ad
726 3705 840 3800 Jacob
863 3702 962 3776 illum
981 3700 1132 3796 spectat,
1159 3703 1204 3777 de
1226 3725 1299 3797 quo
1325 3705 1395 3778 dici

337 3815 508 3904 putatur,
528 3825 604 3880 non
622 3804 802 3877 videbitur
819 3799 887 3877 effe
901 3822 1039 3877 vorum.
1065 3798 1154 3876 Non
1180 3805 1272 3880 enim
1286 3826 1396 3879 revo-

260 3939 273 4048 5·
300 3961 304 3970 ·
325 3924 439 3982 catus
455 3904 505 3980 est
520 3905 557 3980 in
574 3901 681 3980 finem
694 3904 738 3979 de
759 3901 945 4000 AEgypto,
980 3903 1114 3995 quippe
1131 3905 1191 3994 qui
1210 3903 1396 3979 defunctus

338 4008 379 4086 in
392 4005 557 4105 AEgypto
572 4001 642 4092 est.
693 4000 903 4084 ausurum
928 4015 1046 4080 autem
1072 4003 1171 4101 erit,
1203 4004 1229 4081 fi
1256 4007 1333 4100 quis
1359 4005 1396 4079 in

1294 4126 1343 4180 eo
