3417 4692
476 302 1259 495 inonn·rsrm·non1rr‘1nn.=
1301 383 1371 476 us

315 541 506 618 ascendere
524 523 671 637 poterat
687 538 725 614 in
749 552 933 632 montem,
961 537 1123 630 quamvis
1143 536 1311 634 scriptum
1329 534 1374 614 sit
1437 623 1441 634 ¹

315 646 478 718 deterre
501 644 743 716 Sodomorum
767 641 970 734 priusquam
993 635 1286 732 subverteretur,
1324 658 1375 712 eo

317 758 505 836 tempore,
524 763 598 833 quo
613 740 712 814 Loth
732 740 990 814 habitationem
1013 738 1089 829 eius
1105 741 1237 836 elegit,
1253 733 1377 820 sfuisse

316 844 409 918 sieut
427 839 602 934 paradisus
626 840 724 933 Dei,
757 840 790 913 n
813 840 902 913 sicut
924 851 1020 911 terra
1040 835 1202 933 AEgypti.
1253 835 1305 912 Et
1324 853 1377 920 ta·
1462 915 1464 924 ,

317 964 403 1020 men
420 940 483 1037 (ut
502 961 619 1036 parvo
635 939 790 1032 quodam
808 953 948 1014 utamur
966 935 1128 1034 excessu)
1142 959 1301 1030 quaenam
1324 938 1380 1012 vi·

316 1043 425 1114 detur
447 1040 516 1115 eise
531 1041 698 1113 vicinitas
719 1034 880 1132 paradiso
899 1038 994 1128 Dei,
1022 1037 1056 1108 δι
1076 1051 1180 1110 terre
1199 1037 1378 1134 AEgypti,

316 1155 415 1215 utex
425 1162 526 1232 aequo
536 1139 757 1214 hisSodoma
769 1135 1025 1231 comparetur?
1041 1135 1112 1210 Sed
1128 1157 1198 1231 ego
1209 1138 1258 1216 ita
1271 1153 1381 1231 puto,

320 1241 420 1332 quod
439 1257 626 1331 antequam
641 1253 809 1332 peccaret
821 1239 1008 1328 Sodoma,
1028 1253 1108 1309 cum
1125 1237 1240 1310 adhuc
1254 1236 1383 1329 simpli·
1469 1322 1472 1329 ,

318 1342 466 1413 citatem
486 1340 569 1411 vitae
591 1339 915 1413 incontaminabilis
942 1334 1161 1429 custodiret,
1196 1337 1382 1428 eratsrcut

319 1438 498 1534 paradisus
515 1440 606 1525 Dei3
633 1442 694 1512 ubi
710 1458 802 1512 vero
826 1437 1030 1516 decolorari
1047 1436 1177 1530 coepit,
1204 1437 1238 1510 ἃ
1255 1455 1384 1529 pecca·

320 1554 445 1612 torum
467 1539 612 1611 maculis
635 1537 846 1628 obscurari,
885 1537 975 1610 licut
999 1548 1096 1608 terra
1118 1535 1269 1633 AEgypti
1291 1534 1385 1621 fasta

324 1637 388 1712 est.
439 1638 508 1710 Sed
533 1637 669 1719 &illud
690 1638 922 1729 requirimus,
950 1636 1118 1728 quoniam
1141 1638 1283 1727 quidem
1299 1655 1386 1728 pro·

323 1739 432 1834 pheta
454 1737 568 1830 dicit,
602 1738 683 1830 quia
703 1738 885 1835 restituetur
907 1737 994 1823 soror
1015 1750 1071 1806 rua
1094 1738 1224 1808 Sodoma
1244 1743 1281 1806 ier
1295 1733 1386 1806 ansi·

312 1862 440 1935 quum,
466 1853 667 1934 utrumnam
686 1836 866 1910 restitutio
886 1835 963 1929 ejus
990 1834 1097 1908 etiam
1120 1835 1194 1909 hoc
1214 1836 1386 1928 recipiat,

323 1951 366 2008 ut
390 1937 433 2009 srt
458 1937 547 2011 sicut
572 1935 748 2030 paradisus
775 1934 872 2031 Dei,
898 1957 943 2010 an
967 1933 1084 2020 solum
1109 1935 1152 2008 srt
1174 1933 1265 2011 sicut
1288 1948 1388 2010 terra

323 2035 488 2132 AEgypti.
540 2033 619 2134 Ego
636 2036 777 2127 quidem
799 2037 949 2130 dubito,
975 2035 1000 2109 fi
1018 2035 1195 2110 intantum
1210 2049 1389 2129 poterunt

324 2135 570 2209 Sodomorum
601 2152 750 2228 peccata
776 2136 952 2229 decoqui,
979 2134 1086 2208 &eo
1112 2157 1226 2228 usque
1257 2133 1390 2209 scelera

325 2236 489 2334 purgari,
516 2250 558 2308 ut
568 2234 746 2309 restitutio
760 2258 887 2310 eorum
900 2251 1000 2309 tanta
1015 2235 1075 2328 fit,
1091 2255 1258 2327 quaenon
1273 2233 1393 2316 solum
1423 2239 1426 2244 ’

328 2352 435 2408 terrae
452 2332 624 2430 AEgypti,
654 2356 780 2410 verum
805 2337 912 2410 etiam
934 2334 1004 2408 Dei
1022 2332 1184 2427 paradiso
1203 2355 1392 2427 compare·

324 2447 396 2510 tur.
431 2433 573 2531 Urgent
586 2449 705 2508 tamen
722 2457 817 2527 nos,
845 2438 905 2529 qui
922 2435 995 2508 hoc
1009 2430 1224 2508 confirmare
1238 2437 1392 2524 volunt,

326 2557 373 2608 ex
393 2554 440 2606 eo
456 2535 635 2627 praecipue
652 2533 836 2627 sermone,
864 2536 923 2626 qui
941 2534 1080 2608 additus
1100 2535 1184 2606 huic
1204 2531 1395 2628 repromis-

328 2633 418 2710 fioni
435 2633 600 2706 videtur:
626 2637 811 2707 nonenim
827 2635 938 2725 dixit,
964 2632 1047 2724 quia
1061 2631 1394 2706 restitueturSodo·

327 2755 409 2825 ma,
436 2733 470 2805 δι
494 2731 669 2820 cessavit3
704 2731 762 2806 sed
791 2734 862 2824 ait,
890 2733 1231 2829 ReflirteeturSosuma
1249 2739 1286 2802 in
1305 2736 1396 2816 onti-

327 2857 436 2934 quum.
486 2830 535 2904 Et
549 2828 747 2908 asseverant
761 2834 945 2925 antiquum
964 2831 1039 2924 ejus·
1050 2828 1178 2904 statum
1189 2852 1268 2904 non
1279 2825 1397 2926 fuisse,
1423 2890 1426 2894 ,

329 2947 374 3008 ut
390 2947 521 3005 terram
539 2929 712 3028 AEgypti,
739 2931 796 3005 sed
812 2947 854 3004 ut
868 2927 1065 3028 paradisum
1083 2925 1165 3006 nei.

408 3054 440 3105 2.
467 3030 537 3104 Sed
554 3033 738 3105 redeamus
759 3034 802 3106 ad
814 3030 938 3124 Loth,
965 3033 1026 3122 qui
1039 3051 1118 3104 cum
1130 3047 1250 3102 uxore
1265 3017 1399 3100 &filia-

332 3131 401 3206 bus
422 3132 606 3206 interitum
619 3131 758 3228 fugiens
773 3133 1038 3223 Sodomorum,
1066 3143 1219 3223 accepto
1231 3128 1278 3200 ab
1295 3145 1401 3220 ange·

330 3229 375 3304 iis
393 3231 592 3324 mandato,
630 3252 677 3314 rre
703 3229 900 3305 retrorsum
921 3227 1143 3326 respiceret,
1168 3226 1345 3300 tendebat
1360 3224 1401 3302 in

330 3327 459 3426 Segor.
510 3329 580 3402 Sed
605 3350 700 3403 uxor
730 3332 808 3423 ejus
828 3332 1018 3406 immemor
1043 3321 1086 3400 fit
1110 3327 1311 3419 precepti,
1344 3344 1401 3398 re·

332 3428 490 3503 trorsum
513 3425 677 3522 respicit,
702 3427 902 3524 impositam
924 3431 1040 3526 legem
1064 3427 1220 3523 rumpit,
1243 3419 1400 3498 efficitur

332 3525 372 3601 in
392 3528 540 3602 statuam
561 3526 650 3603 salis.
699 3525 918 3604 Putamusne
941 3542 1081 3602 tantu-m
1102 3517 1244 3599 sceleris
1267 3526 1304 3596 in
1326 3515 1402 3595 hoe

337 3622 408 3698 esse
433 3627 647 3722 commisso,
673 3642 717 3702 ut
739 3631 820 3721 quia
839 3623 995 3721 respexit
1018 3625 1168 3719 mulier,
1192 3620 1402 3715 interitum,

336 3743 445 3818 quem
465 3726 589 3802 divino
608 3721 792 3804 beneficio
814 3720 976 3822 effugere
1000 3721 1217 3818 videbatur,
1243 3726 1402 3795 incurre-

338 3821 426 3896 ret?
460 3822 558 3920 Quid
581 3829 674 3903 enirn
699 3841 840 3902 tantum
858 3822 1014 3900 criminis
1027 3822 1176 3916 habuit,
1202 3823 1227 3896 fi
1250 3820 1403 3893 sollicita

338 3919 496 4014 mulieris
508 3943 607 3995 mens
621 3928 830 4018 retrorsum,
850 3926 948 4000 unde
962 3926 1075 3998 nimio
1090 3917 1307 3995 flammarum
1326 3937 1403 3988 cre·

339 4021 420 4120 pitu
436 4023 651 4118 terrebatur,
667 4023 830 4122 aspexit?
853 4023 926 4102 Sed
938 4024 1022 4120 quia
1040 4026 1101 4099 lex
1116 4019 1278 4118 spiritalis
1290 4016 1354 4110 est,
1368 4015 1405 4090 dt

383 4123 541 4220 ‘unguis
571 4119 658 4199 Tm.
688 4129 733 4203 V.
990 4117 1034 4208 N
1285 4131 1371 4207 opta
