3417 4692
323 391 395 466 ma
652 359 1108 442 ORlGENIS=

323 554 371 611 ne
390 527 453 626 ipsi
472 525 614 620 quidem
639 525 784 621 poliunt
806 525 1018 620 ostendere,
1053 526 1247 617 quomodo
1277 525 1405 618 secpn·

327 635 411 708 dum
430 626 564 701 sensum
578 625 675 700 suum
691 625 830 719 justitiae
848 625 917 699 sure
933 627 1352 720 convenirevideatur,
1376 628 1401 702 fi

325 734 413 807 alius
433 729 502 800 alio
520 743 696 819 peccante
715 728 909 820 puniatur„
945 724 1111 820 Superest
1125 726 1236 823 igitur
1257 741 1301 798 ut
1323 728 1403 800 Do·

325 835 458 909 minum
490 826 758 918 deprecemur,
792 839 835 897 ut
865 824 1167 899 ostendat-nobis
1200 829 1400 917 quomodo

324 940 505 1027 praecepta
524 926 600 998 haec
616 926 711 1020 justo
734 927 909 1018 bonoque
930 926 1154 1000 conveniant
1170 926 1276 1001 Deo,
1317 927 1400 1002 *8ae-

323 1054 370 1128 pe
391 1029 462 1122 jam
483 1025 665 1119 diximus,
704 1026 803 1116 quod
818 1026 1000 1118 scripturae
1019 1023 1149 1098 diviuae
1172 1031 1401 1102 nonomoia

324 1131 369 1204 ad
385 1127 604 1202 exteriorem
618 1127 827 1218 hominem,
853 1122 911 1198 sed
927 1127 1096 1217 perplura
1107 1125 1157 1196 ad
1175 1124 1400 1200 interiorem

324 1233 541 1322 loquuntur·
586 1225 743 1299 Interior
765 1225 874 1322 igitur
900 1225 1013 1308 homo
1038 1222 1161 1297 nostor
1182 1239 1247 1295 aut
1272 1225 1400 1300 Deum

326 1331 456 1404 dicitur
476 1325 607 1398 habere
623 1340 784 1419 patrem,
810 1323 1046 1399 iisecundurn
1064 1323 1185 1396 Deum
1205 1325 1336 1420 uiuit,
1364 1323 1398 1398 ἃ

289 1491 291 1498 .
325 1451 404 1523 quae
419 1428 490 1498 Dei
508 1422 587 1497 sunt
611 1426 703 1520 agit3
732 1439 792 1497 aut
812 1425 1015 1515 diabolum,
1040 1422 1065 1495 sr
1083 1423 1120 1495 in
1143 1425 1305 1515 peccatis
1324 1425 1396 1519 sit,

325 1531 360 1603 &
377 1527 586 1600 voluntates
606 1525 698 1597 illius
717 1536 835 1621 gerat:
860 1523 951 1596 sicut
966 1523 1156 1597 evidenter
1170 1525 1207 1595 in
1221 1519 1397 1621 Evange-

322 1629 379 1706 liis
396 1626 564 1699 Salvator
583 1624 759 1716 ostendit,
787 1645 868 1696 cum
885 1623 991 1696 dicit:
1027 1627 1090 1696 Vos
1107 1625 1145 1693 de
1160 1639 1254 1720 parre
1271 1625 1397 1696 diabolo

321 1730 415 1824 eflis,
442 1725 480 1802 ὅ
498 1727 640 1817 defideriu
660 1732 767 1821 patris
782 1725 879 1821 ueflri
890 1724 998 1816 facere
1015 1725 1133 1794 vultis.
1183 1725 1238 1794 lle
1257 1723 1396 1794 homici-

322 1836 363 1904 da
376 1828 451 1923 fuit
471 1828 508 1896 ab
529 1829 646 1904 initio,
670 1824 710 1901 sl
732 1830 769 1896 in
786 1828 928 1895 ueritate
947 1847 1012 1893 non
1024 1821 1127 1920 flent.
1178 1821 1282 1894 Sicut
1300 1843 1394 1922 ergo

321 1931 441 2006 semen
455 1925 526 1999 Dei
541 1928 578 1998 in
593 1925 698 1997 nobis
716 1923 846 1998 dicitur
859 1942 1024 2016 manere,
1051 1943 1132 1994 curn
1145 1923 1301 1995 verbum
1319 1923 1395 1997 Dei

323 2031 506 2106 servantes
521 2025 558 2097 in
578 2027 684 2097 nobis
703 2045 779 2098 nou
796 2043 1016 2115 peccamus,
1042 2037 1084 2094 ut
1101 2022 1261 2115 loannes
1281 2022 1393 2096 dicit:

320 2135 394 2225 Qui
409 2138 526 2199 autem
542 2150 580 2194 ex
601 2129 667 2194 Deo
681 2126 739 2221 ess,
764 2147 829 2194 non
841 2140 966 2218 peccat,
992 2129 1069 2218 quia
1078 2124 1183 2210 semen
1199 2126 1264 2194 Dei
1278 2137 1394 2194 manet

322 2238 360 2302 in
377 2248 429 2301 eo:
455 2224 506 2294 ita
520 2223 625 2295 etiam
647 2244 728 2296 cum
751 2243 770 2294 a
789 2220 938 2294 diabolo
961 2222 1005 2294 ad
1025 2221 1248 2315 pecoandum
1268 2220 1393 2297 suade·

320 2350 423 2416 mur,
450 2321 568 2395 semen
585 2322 659 2412 ejus
676 2320 888 2415 suscipimus.
916 2319 1008 2398 Cum
1023 2341 1120 2392 vero·
1141 2321 1247 2393 etiarn
1265 2322 1393 2414 imple

320 2451 399 2505 mus
420 2423 518 2517 quod
534 2420 698 2505 suaserit,
730 2436 819 2495 tnnc
839 2421 912 2511 jam
936 2422 969 2492 &
989 2421 1112 2515 genuit
1129 2440 1210 2493 nos.
1262 2420 1390 2494 Nasci·

320 2549 400 2603 mur
415 2525 510 2600 enim
525 2523 558 2593 ei
574 2520 637 2595 lilii
649 2541 713 2618 per
728 2534 928 2616 peccatum.
970 2520 1107 2592 Verum
1126 2521 1389 2613 quoniampec·
1443 2547 1446 2560 ·

321 2644 444 2703 cantes
466 2624 530 2696 vix
551 2621 627 2696 fere
648 2623 801 2713 accidit,
828 2633 869 2692 ut
890 2620 961 2692 srne
982 2620 1146 2711 adjutore
1164 2641 1387 2713 peccemus,
1444 2635 1448 2666 ²

319 2721 379 2808 sed
389 2741 450 2801 aut
465 2720 642 2799 ministros
659 2724 819 2816 peccati,
846 2735 908 2790 aut
925 2718 1107 2809 adjutores
1119 2719 1253 2811 semper
1269 2720 1389 2811 requi·

320 2832 451 2917 rimus,
477 2821 582 2896 uerbi
598 2821 720 2914 causa,
748 2823 772 2895 st
790 2819 1001 2893 adulterium
1020 2820 1095 2908 quis
1110 2821 1280 2910 molitur,
1308 2841 1395 2892 non·
1449 2875 1452 2914 ,

319 2927 440 3031 potest
458 2926 531 2998 hoc
553 2919 646 2993 solus
662 2922 873 3009 admittere,
898 2916 956 2990 sed
979 2915 1117 2992 necesse
1136 2918 1186 2991 est
1202 2918 1312 2992 etiam
1329 2919 1385 2991 ad·
1450 2921 1453 2950 ¹

319 3034 471 3105 ulteram
485 3018 690 3098 consortem
705 3018 782 3094 fieri
796 3018 998 3109 sociamque
1010 3019 1167 3109 peccati;
1194 3033 1285 3089 tunc
1300 3040 1386 3112 prae·

320 3148 421 3207 terea
439 3125 501 3199 etsr
521 3144 597 3195 non
616 3124 757 3214 plures,
784 3118 852 3190 else
873 3134 991 3189 tamen
1005 3117 1145 3191 necesse
1162 3117 1212 3190 est
1232 3120 1385 3209 aliquem

319 3233 383 3307 vel
401 3229 550 3319 aliquam
571 3225 606 3295 in
622 3220 820 3293 ministeriis
838 3217 879 3288 ad
899 3217 1105 3290 societatem
1129 3221 1296 3310 peccati;
1325 3219 1385 3308 qui

323 3351 449 3407 omnes
472 3326 577 3397 velut
596 3343 686 3395 unus
713 3342 760 3392 ex
789 3319 904 3390 altero
934 3314 1126 3390 secundum
1150 3316 1384 3409 persuasionis

321 3431 486 3507 ordinem
500 3422 678 3519 generati,
705 3441 750 3493 ex
766 3433 868 3513 patre
881 3416 1029 3488 diabolo
1050 3418 1170 3489 noxiae
1182 3417 1385 3489 nativitatis
1451 3461 1457 3482 .

320 3526 531 3630 progeniem
548 3522 696 3595 ducunt.
747 3519 796 3589 Et
815 3531 857 3588 ut
873 3516 916 3587 ad
929 3538 970 3588 ea
985 3537 1061 3605 quae
1077 3515 1206 3609 scripta
1220 3516 1302 3590 sunt
1322 3539 1385 3590 ve·
1455 3563 1465 3578 ›

320 3634 480 3719 niamus,
505 3622 685 3697 Dominus
713 3616 900 3713 majestatis
920 3613 1019 3711 Jesus
1045 3614 1202 3690 Christus
1225 3615 1387 3689 salvator

321 3732 444 3810 noster
465 3720 655 3798 crucifixus
677 3720 737 3795 est.
788 3716 903 3807 liujus
924 3716 1055 3806 piaculi
1080 3715 1203 3788 auslor
1227 3717 1385 3808 &spater

322 3831 462 3911 sceleris
483 3826 554 3899 stne
575 3821 685 3895 dubio
711 3818 875 3893 diabolus
900 3811 961 3888 est.
1012 3813 1071 3888 Sic
1099 3817 1192 3889 enim
1212 3815 1403 3907 scriptum.

322 3932 392 4008 est:
420 3935 498 4003 Cum
512 3942 616 3998 autem
631 3917 804 4010 introiisset
819 3915 956 3985 diabolus
968 3920 1006 3984 in
1020 3941 1070 3987 cor
1088 3918 1185 4011 Judae
1206 3918 1383 4005 iscariotis,

322 4052 362 4113 ut
378 4033 516 4111 traderet
534 4051 611 4101 eum.
662 4019 768 4094 Pater
782 4035 870 4117 ergo
888 4017 1029 4109 peccati
1046 4015 1208 4092 diabolus
1226 4015 1300 4128 est..
1314 4014 1384 4091 Iste

1289 4137 1330 4190 ¹¹²
1461 4087 1484 4356 l
