<?xml version="1.0" encoding="UTF-8"?>
<!DOCTYPE html PUBLIC "-//W3C//DTD XHTML 1.0 Transitional//EN"
    "http://www.w3.org/TR/xhtml1/DTD/xhtml1-transitional.dtd">
<html xmlns="http://www.w3.org/1999/xhtml" xml:lang="en" lang="en">
 <head>
  <title>
</title>
<meta http-equiv="Content-Type" content="text/html;charset=utf-8" />
  <meta name='ocr-system' content='tesseract 3.04.00' />
  <meta name='ocr-capabilities' content='ocr_page ocr_carea ocr_par ocr_line ocrx_word'/>
</head>
<body>
  <div class='ocr_page' id='page_1' title='image "./operaomniasanct02unkngoog_0182.png"; bbox 0 0 3417 4692; ppageno 0'>
   <div class='ocr_carea' id='block_1_1' title="bbox 318 309 1047 451">
    <p class='ocr_par' dir='ltr' id='par_1_1' title="bbox 318 309 1047 451">
     <span class='ocr_line' id='line_1_1' title="bbox 318 309 1047 451; baseline -0.008 -21"><span class='ocrx_word' id='word_1_1' title='bbox 318 365 385 451; x_wconf 86' lang='lat'>178</span> <span class='ocrx_word' id='word_1_2' title='bbox 445 437 448 446; x_wconf 78' lang='grc'>,</span> <span class='ocrx_word' id='word_1_3' title='bbox 577 309 1047 432; x_wconf 71' lang='lat' dir='ltr'>&#39;onasnnrs</span> 
     </span>
    </p>
   </div>
   <div class='ocr_carea' id='block_1_2' title="bbox 227 507 1418 4171">
    <p class='ocr_par' dir='ltr' id='par_1_2' title="bbox 315 507 1393 2794">
     <span class='ocr_line' id='line_1_2' title="bbox 316 507 1380 610; baseline -0.005 -20"><span class='ocrx_word' id='word_1_4' title='bbox 316 507 576 610; x_wconf 74' lang='lat' dir='ltr'>perfectionem</span> <span class='ocrx_word' id='word_1_5' title='bbox 598 533 662 605; x_wconf 89' lang='lat' dir='ltr'>per</span> <span class='ocrx_word' id='word_1_6' title='bbox 681 513 827 609; x_wconf 85' lang='lat' dir='ltr'>gratiam</span> <span class='ocrx_word' id='word_1_7' title='bbox 849 511 1038 596; x_wconf 83' lang='lat' dir='ltr'>Trinitatis</span> <span class='ocrx_word' id='word_1_8' title='bbox 1057 525 1233 606; x_wconf 78' lang='lat' dir='ltr'>augetur,</span> <span class='ocrx_word' id='word_1_9' title='bbox 1262 513 1295 584; x_wconf 86' lang='lat' dir='ltr'>dt</span> <span class='ocrx_word' id='word_1_10' title='bbox 1318 509 1380 603; x_wconf 86' lang='lat' dir='ltr'>qni</span> 
     </span>
     <span class='ocr_line' id='line_1_3' title="bbox 316 609 1381 708; baseline -0.006 -18"><span class='ocrx_word' id='word_1_11' title='bbox 316 617 364 690; x_wconf 82' lang='lat' dir='ltr'>eit</span> <span class='ocrx_word' id='word_1_12' title='bbox 381 613 588 686; x_wconf 86' lang='lat' dir='ltr'>centenario</span> <span class='ocrx_word' id='word_1_13' title='bbox 614 633 678 706; x_wconf 89' lang='lat' dir='ltr'>per</span> <span class='ocrx_word' id='word_1_14' title='bbox 702 612 940 708; x_wconf 86' lang='lat' dir='ltr'>ignorantiam</span> <span class='ocrx_word' id='word_1_15' title='bbox 959 609 1119 703; x_wconf 85' lang='lat' dir='ltr'>lapsum,</span> <span class='ocrx_word' id='word_1_16' title='bbox 1146 633 1210 702; x_wconf 86' lang='lat' dir='ltr'>per</span> <span class='ocrx_word' id='word_1_17' title='bbox 1229 613 1381 706; x_wconf 85' lang='lat' dir='ltr'>agnitio·</span> 
     </span>
     <span class='ocr_line' id='line_1_4' title="bbox 315 710 1380 802; baseline -0.005 -13"><span class='ocrx_word' id='word_1_18' title='bbox 315 735 400 790; x_wconf 87' lang='lat' dir='ltr'>nem</span> <span class='ocrx_word' id='word_1_19' title='bbox 417 712 585 784; x_wconf 89' lang='lat' dir='ltr'>trinitatis</span> <span class='ocrx_word' id='word_1_20' title='bbox 603 711 765 786; x_wconf 88' lang='lat' dir='ltr'>restituat</span> <span class='ocrx_word' id='word_1_21' title='bbox 783 713 820 786; x_wconf 90' lang='lat' dir='ltr'>in</span> <span class='ocrx_word' id='word_1_22' title='bbox 840 724 1040 786; x_wconf 85' lang='lat' dir='ltr'>trecentos.</span> <span class='ocrx_word' id='word_1_23' title='bbox 1091 710 1265 784; x_wconf 90' lang='lat' dir='ltr'>Latitudo</span> <span class='ocrx_word' id='word_1_24' title='bbox 1279 712 1380 802; x_wconf 87' lang='lat' dir='ltr'>quin·</span> 
     </span>
     <span class='ocr_line' id='line_1_5' title="bbox 319 803 1381 908; baseline -0.003 -23"><span class='ocrx_word' id='word_1_25' title='bbox 319 811 570 908; x_wconf 85' lang='lat' dir='ltr'>quagenariurn</span> <span class='ocrx_word' id='word_1_26' title='bbox 597 831 784 890; x_wconf 88' lang='lat' dir='ltr'>numerum</span> <span class='ocrx_word' id='word_1_27' title='bbox 808 803 921 885; x_wconf 84' lang='lat' dir='ltr'>tene&#39;t</span> <span class='ocrx_word' id='word_1_28' title='bbox 979 809 1053 908; x_wconf 86' lang='lat' dir='ltr'>Qui</span> <span class='ocrx_word' id='word_1_29' title='bbox 1075 823 1243 882; x_wconf 84' lang='lat' dir='ltr'>numerus</span> <span class='ocrx_word' id='word_1_30' title='bbox 1262 811 1381 884; x_wconf 90' lang='lat' dir='ltr'>rernis·</span> 
     </span>
     <span class='ocr_line' id='line_1_6' title="bbox 315 909 1381 1006; baseline -0.006 -18"><span class='ocrx_word' id='word_1_31' title='bbox 315 913 408 988; x_wconf 85' lang='lat' dir='ltr'>sioni</span> <span class='ocrx_word' id='word_1_32' title='bbox 429 911 462 982; x_wconf 75' lang='grc' dir='ltr'>δι</span> <span class='ocrx_word' id='word_1_33' title='bbox 483 911 711 1006; x_wconf 79' lang='lat' dir='ltr'>indulgentiae</span> <span class='ocrx_word' id='word_1_34' title='bbox 734 909 961 984; x_wconf 90' lang='lat' dir='ltr'>consecratus</span> <span class='ocrx_word' id='word_1_35' title='bbox 986 910 1047 984; x_wconf 87' lang='lat' dir='ltr'>est.</span> <span class='ocrx_word' id='word_1_36' title='bbox 1111 909 1311 984; x_wconf 88' lang='lat' dir='ltr'>Secundum</span> <span class='ocrx_word' id='word_1_37' title='bbox 1332 911 1381 982; x_wconf 91' lang='lat' dir='ltr'>le-</span> 
     </span>
     <span class='ocr_line' id='line_1_7' title="bbox 317 1009 1380 1108; baseline -0.003 -24"><span class='ocrx_word' id='word_1_38' title='bbox 317 1031 398 1108; x_wconf 87' lang='lat' dir='ltr'>gem</span> <span class='ocrx_word' id='word_1_39' title='bbox 420 1012 512 1082; x_wconf 88' lang='lat' dir='ltr'>enirn</span> <span class='ocrx_word' id='word_1_40' title='bbox 534 1011 818 1104; x_wconf 83' lang='lat' dir='ltr'>quinquagesimo</span> <span class='ocrx_word' id='word_1_41' title='bbox 838 1031 934 1082; x_wconf 91' lang='lat' dir='ltr'>anno</span> <span class='ocrx_word' id='word_1_42' title='bbox 960 1009 1108 1082; x_wconf 85' lang='lat' dir='ltr'>remiffio</span> <span class='ocrx_word' id='word_1_43' title='bbox 1130 1023 1226 1100; x_wconf 80' lang='lat' dir='ltr'>erat,</span> <span class='ocrx_word' id='word_1_44' title='bbox 1254 1011 1289 1082; x_wconf 93' lang='lat' dir='ltr'>id</span> <span class='ocrx_word' id='word_1_45' title='bbox 1307 1009 1380 1100; x_wconf 76' lang='lat' dir='ltr'>est,</span> 
     </span>
     <span class='ocr_line' id='line_1_8' title="bbox 316 1107 1383 1201; baseline -0.002 -19"><span class='ocrx_word' id='word_1_46' title='bbox 316 1110 396 1182; x_wconf 86' lang='lat' dir='ltr'>utsr</span> <span class='ocrx_word' id='word_1_47' title='bbox 413 1111 491 1200; x_wconf 90' lang='lat' dir='ltr'>quis</span> <span class='ocrx_word' id='word_1_48' title='bbox 510 1107 716 1181; x_wconf 82' lang='lat' dir='ltr'>distraxissct</span> <span class='ocrx_word' id='word_1_49' title='bbox 732 1109 996 1201; x_wconf 77' lang='lat' dir='ltr'>possesionem,</span> <span class='ocrx_word' id='word_1_50' title='bbox 1022 1109 1222 1200; x_wconf 82' lang='lat' dir='ltr'>reciperet3</span> <span class='ocrx_word' id='word_1_51' title='bbox 1248 1109 1270 1182; x_wconf 86' lang='lat' dir='ltr'><strong>fi</strong></span> <span class='ocrx_word' id='word_1_52' title='bbox 1291 1109 1383 1182; x_wconf 89' lang='lat' dir='ltr'>liber</span> 
     </span>
     <span class='ocr_line' id='line_1_9' title="bbox 316 1206 1383 1302; baseline -0.001 -21"><span class='ocrx_word' id='word_1_53' title='bbox 316 1209 357 1296; x_wconf 81' lang='lat' dir='ltr'>in</span> <span class='ocrx_word' id='word_1_54' title='bbox 375 1206 584 1282; x_wconf 87' lang='lat' dir='ltr'>servitutem</span> <span class='ocrx_word' id='word_1_55' title='bbox 605 1207 757 1282; x_wconf 82' lang='lat' dir='ltr'>venisset</span> <span class='ocrx_word' id='word_1_56' title='bbox 775 1263 787 1298; x_wconf 86' lang='lat'>‚</span> <span class='ocrx_word' id='word_1_57' title='bbox 813 1210 993 1302; x_wconf 87' lang='lat' dir='ltr'>reciperet</span> <span class='ocrx_word' id='word_1_58' title='bbox 1010 1208 1212 1280; x_wconf 86' lang='lat' dir='ltr'>libertatem</span> <span class='ocrx_word' id='word_1_59' title='bbox 1229 1232 1241 1297; x_wconf 72' lang='grc' dir='ltr'><strong>ς</strong></span> <span class='ocrx_word' id='word_1_60' title='bbox 1268 1209 1383 1280; x_wconf 89' lang='lat' dir='ltr'>indul·</span> 
     </span>
     <span class='ocr_line' id='line_1_10' title="bbox 318 1307 1381 1404; baseline 0 -22"><span class='ocrx_word' id='word_1_61' title='bbox 318 1309 474 1404; x_wconf 86' lang='lat' dir='ltr'>gentiam</span> <span class='ocrx_word' id='word_1_62' title='bbox 499 1308 642 1380; x_wconf 88' lang='lat' dir='ltr'>debitor</span> <span class='ocrx_word' id='word_1_63' title='bbox 661 1310 868 1399; x_wconf 80' lang='lat' dir='ltr'>acciperet3</span> <span class='ocrx_word' id='word_1_64' title='bbox 893 1309 977 1382; x_wconf 88' lang='lat' dir='ltr'>exui</span> <span class='ocrx_word' id='word_1_65' title='bbox 998 1308 1132 1380; x_wconf 82' lang='lat' dir='ltr'>rediret</span> <span class='ocrx_word' id='word_1_66' title='bbox 1155 1307 1200 1382; x_wconf 84' lang='lat' dir='ltr'>ad</span> <span class='ocrx_word' id='word_1_67' title='bbox 1220 1310 1381 1401; x_wconf 86' lang='lat' dir='ltr'>patriam.</span> 
     </span>
     <span class='ocr_line' id='line_1_11' title="bbox 318 1405 1385 1504; baseline -0.002 -26"><span class='ocrx_word' id='word_1_68' title='bbox 318 1407 493 1500; x_wconf 67' lang='lat' dir='ltr'>‚Spiritalis</span> <span class='ocrx_word' id='word_1_69' title='bbox 516 1427 602 1504; x_wconf 85' lang='lat' dir='ltr'>ergo</span> <span class='ocrx_word' id='word_1_70' title='bbox 627 1407 714 1480; x_wconf 88' lang='lat' dir='ltr'>Noe</span> <span class='ocrx_word' id='word_1_71' title='bbox 735 1407 891 1480; x_wconf 84' lang='lat' dir='ltr'>Christus</span> <span class='ocrx_word' id='word_1_72' title='bbox 911 1405 1145 1499; x_wconf 72' lang='lat' dir='ltr'>mercasse,</span> <span class='ocrx_word' id='word_1_73' title='bbox 1171 1407 1209 1478; x_wconf 90' lang='lat' dir='ltr'>in</span> <span class='ocrx_word' id='word_1_74' title='bbox 1235 1429 1302 1497; x_wconf 88' lang='lat' dir='ltr'>qua</span> <span class='ocrx_word' id='word_1_75' title='bbox 1320 1407 1385 1478; x_wconf 84' lang='lat' dir='ltr'>hu-</span> 
     </span>
     <span class='ocr_line' id='line_1_12' title="bbox 319 1503 1385 1601; baseline 0.001 -21"><span class='ocrx_word' id='word_1_76' title='bbox 319 1528 463 1580; x_wconf 81' lang='lat' dir='ltr'>manunt</span> <span class='ocrx_word' id='word_1_77' title='bbox 477 1527 587 1601; x_wconf 87' lang='lat' dir='ltr'>genus</span> <span class='ocrx_word' id='word_1_78' title='bbox 609 1507 653 1578; x_wconf 90' lang='lat' dir='ltr'>de</span> <span class='ocrx_word' id='word_1_79' title='bbox 667 1508 814 1580; x_wconf 86' lang='lat' dir='ltr'>interitu</span> <span class='ocrx_word' id='word_1_80' title='bbox 832 1509 980 1596; x_wconf 84' lang='lat' dir='ltr'>liberat,</span> <span class='ocrx_word' id='word_1_81' title='bbox 1005 1507 1041 1578; x_wconf 93' lang='lat' dir='ltr'>id</span> <span class='ocrx_word' id='word_1_82' title='bbox 1067 1505 1142 1596; x_wconf 86' lang='lat' dir='ltr'>cst,</span> <span class='ocrx_word' id='word_1_83' title='bbox 1168 1507 1205 1578; x_wconf 94' lang='lat' dir='ltr'>in</span> <span class='ocrx_word' id='word_1_84' title='bbox 1228 1503 1385 1582; x_wconf 79' lang='lat' dir='ltr'>Ecclesia</span> 
     </span>
     <span class='ocr_line' id='line_1_13' title="bbox 322 1605 1386 1702; baseline -0.002 -24"><span class='ocrx_word' id='word_1_85' title='bbox 322 1605 404 1697; x_wconf 85' lang='lat' dir='ltr'>sua,</span> <span class='ocrx_word' id='word_1_86' title='bbox 432 1607 528 1678; x_wconf 91' lang='lat' dir='ltr'>hunc</span> <span class='ocrx_word' id='word_1_87' title='bbox 555 1606 894 1702; x_wconf 86' lang='lat' dir='ltr'>quinquagenarium</span> <span class='ocrx_word' id='word_1_88' title='bbox 913 1607 1118 1680; x_wconf 83' lang='lat' dir='ltr'>remissionis</span> <span class='ocrx_word' id='word_1_89' title='bbox 1140 1625 1325 1678; x_wconf 85' lang='lat' dir='ltr'>numerum</span> <span class='ocrx_word' id='word_1_90' title='bbox 1346 1606 1386 1677; x_wconf 87' lang='lat' dir='ltr'>in</span> 
     </span>
     <span class='ocr_line' id='line_1_14' title="bbox 320 1705 1386 1798; baseline -0.004 -18"><span class='ocrx_word' id='word_1_91' title='bbox 320 1705 509 1780; x_wconf 90' lang='lat' dir='ltr'>latitudine</span> <span class='ocrx_word' id='word_1_92' title='bbox 537 1708 748 1780; x_wconf 88' lang='lat' dir='ltr'>collocavit.</span> <span class='ocrx_word' id='word_1_93' title='bbox 800 1707 876 1778; x_wconf 80' lang='lat' dir='ltr'>Nisa</span> <span class='ocrx_word' id='word_1_94' title='bbox 896 1707 990 1780; x_wconf 84' lang='lat' dir='ltr'>enirn</span> <span class='ocrx_word' id='word_1_95' title='bbox 1007 1705 1240 1780; x_wconf 78' lang='lat' dir='ltr'>remissionem</span> <span class='ocrx_word' id='word_1_96' title='bbox 1260 1727 1386 1798; x_wconf 88' lang='lat' dir='ltr'>pecca·</span> 
     </span>
     <span class='ocr_line' id='line_1_15' title="bbox 320 1803 1387 1896; baseline 0.001 -20"><span class='ocrx_word' id='word_1_97' title='bbox 320 1817 443 1876; x_wconf 85' lang='lat' dir='ltr'>torum</span> <span class='ocrx_word' id='word_1_98' title='bbox 472 1803 632 1877; x_wconf 77' lang='lat' dir='ltr'>donasset</span> <span class='ocrx_word' id='word_1_99' title='bbox 652 1806 907 1896; x_wconf 82' lang='lat' dir='ltr'>credentibus,</span> <span class='ocrx_word' id='word_1_100' title='bbox 941 1826 1016 1880; x_wconf 90' lang='lat' dir='ltr'>non</span> <span class='ocrx_word' id='word_1_101' title='bbox 1037 1804 1152 1876; x_wconf 74' lang='lat' dir='ltr'>suisset</span> <span class='ocrx_word' id='word_1_102' title='bbox 1169 1825 1234 1896; x_wconf 91' lang='lat' dir='ltr'>per</span> <span class='ocrx_word' id='word_1_103' title='bbox 1257 1805 1387 1877; x_wconf 83' lang='lat' dir='ltr'>orbem</span> 
     </span>
     <span class='ocr_line' id='line_1_16' title="bbox 322 1901 1387 1998; baseline -0.001 -24"><span class='ocrx_word' id='word_1_104' title='bbox 322 1917 427 1976; x_wconf 79' lang='lat' dir='ltr'>terrae</span> <span class='ocrx_word' id='word_1_105' title='bbox 450 1901 614 1974; x_wconf 78' lang='lat' dir='ltr'>Ecciefiae</span> <span class='ocrx_word' id='word_1_106' title='bbox 632 1905 785 1976; x_wconf 87' lang='lat' dir='ltr'>latitudo</span> <span class='ocrx_word' id='word_1_107' title='bbox 804 1901 938 1978; x_wconf 88' lang='lat' dir='ltr'>diffusa.</span> <span class='ocrx_word' id='word_1_108' title='bbox 989 1903 1154 1998; x_wconf 79' lang='lat' dir='ltr'>Triginta</span> <span class='ocrx_word' id='word_1_109' title='bbox 1172 1918 1289 1976; x_wconf 87' lang='lat' dir='ltr'>autern</span> <span class='ocrx_word' id='word_1_110' title='bbox 1311 1905 1387 1974; x_wconf 85' lang='lat' dir='ltr'>alti-</span> 
     </span>
     <span class='ocr_line' id='line_1_17' title="bbox 323 2002 1388 2093; baseline 0 -19"><span class='ocrx_word' id='word_1_111' title='bbox 323 2002 456 2074; x_wconf 87' lang='lat' dir='ltr'>tudinis</span> <span class='ocrx_word' id='word_1_112' title='bbox 481 2023 648 2075; x_wconf 85' lang='lat' dir='ltr'>numerns</span> <span class='ocrx_word' id='word_1_113' title='bbox 677 2003 807 2093; x_wconf 79' lang='lat' dir='ltr'>simile,</span> <span class='ocrx_word' id='word_1_114' title='bbox 841 2015 883 2076; x_wconf 89' lang='lat' dir='ltr'>ut</span> <span class='ocrx_word' id='word_1_115' title='bbox 910 2008 1062 2076; x_wconf 88' lang='lat' dir='ltr'>trecenti</span> <span class='ocrx_word' id='word_1_116' title='bbox 1088 2005 1253 2076; x_wconf 90' lang='lat' dir='ltr'>continet</span> <span class='ocrx_word' id='word_1_117' title='bbox 1278 2002 1388 2075; x_wconf 91' lang='lat' dir='ltr'>sacra·</span> 
     </span>
     <span class='ocr_line' id='line_1_18' title="bbox 321 2101 1390 2198; baseline -0.004 -22"><span class='ocrx_word' id='word_1_118' title='bbox 321 2115 493 2176; x_wconf 87' lang='lat' dir='ltr'>mentum.</span> <span class='ocrx_word' id='word_1_119' title='bbox 546 2101 658 2198; x_wconf 90' lang='lat' dir='ltr'>Quod</span> <span class='ocrx_word' id='word_1_120' title='bbox 675 2103 768 2174; x_wconf 87' lang='lat' dir='ltr'>enirn</span> <span class='ocrx_word' id='word_1_121' title='bbox 786 2103 835 2174; x_wconf 93' lang='lat' dir='ltr'>ibi</span> <span class='ocrx_word' id='word_1_122' title='bbox 853 2105 1020 2195; x_wconf 84' lang='lat' dir='ltr'>centeni,</span> <span class='ocrx_word' id='word_1_123' title='bbox 1048 2103 1121 2176; x_wconf 93' lang='lat' dir='ltr'>hoc</span> <span class='ocrx_word' id='word_1_124' title='bbox 1143 2103 1201 2174; x_wconf 89' lang='lat' dir='ltr'>hic</span> <span class='ocrx_word' id='word_1_125' title='bbox 1216 2103 1296 2173; x_wconf 86' lang='lat' dir='ltr'>deni</span> <span class='ocrx_word' id='word_1_126' title='bbox 1318 2118 1390 2174; x_wconf 88' lang='lat' dir='ltr'>ter·</span> 
     </span>
     <span class='ocr_line' id='line_1_19' title="bbox 323 2200 1391 2292; baseline 0.006 -24"><span class='ocrx_word' id='word_1_127' title='bbox 323 2203 380 2272; x_wconf 88' lang='lat' dir='ltr'>tio</span> <span class='ocrx_word' id='word_1_128' title='bbox 397 2201 622 2292; x_wconf 88' lang='lat' dir='ltr'>multiplicati</span> <span class='ocrx_word' id='word_1_129' title='bbox 641 2201 790 2278; x_wconf 86' lang='lat' dir='ltr'>faciunt.</span> <span class='ocrx_word' id='word_1_130' title='bbox 841 2200 901 2274; x_wconf 89' lang='lat' dir='ltr'>Ad</span> <span class='ocrx_word' id='word_1_131' title='bbox 915 2222 1025 2274; x_wconf 87' lang='lat' dir='ltr'>unum</span> <span class='ocrx_word' id='word_1_132' title='bbox 1038 2215 1155 2276; x_wconf 85' lang='lat' dir='ltr'>autern</span> <span class='ocrx_word' id='word_1_133' title='bbox 1171 2203 1284 2274; x_wconf 92' lang='lat' dir='ltr'>totius</span> <span class='ocrx_word' id='word_1_134' title='bbox 1302 2223 1391 2274; x_wconf 93' lang='lat' dir='ltr'>con·</span> 
     </span>
     <span class='ocr_line' id='line_1_20' title="bbox 322 2297 1391 2393; baseline -0.003 -20"><span class='ocrx_word' id='word_1_135' title='bbox 322 2297 524 2373; x_wconf 74' lang='lat' dir='ltr'>strutiionis</span> <span class='ocrx_word' id='word_1_136' title='bbox 559 2311 745 2374; x_wconf 84' lang='lat' dir='ltr'>numerum</span> <span class='ocrx_word' id='word_1_137' title='bbox 774 2301 904 2374; x_wconf 88' lang='lat' dir='ltr'>summa</span> <span class='ocrx_word' id='word_1_138' title='bbox 934 2318 1152 2393; x_wconf 85' lang='lat' dir='ltr'>revocatur,</span> <span class='ocrx_word' id='word_1_139' title='bbox 1191 2302 1273 2390; x_wconf 87' lang='lat' dir='ltr'>quia</span> <span class='ocrx_word' id='word_1_140' title='bbox 1305 2328 1391 2370; x_wconf 83' lang='lat' dir='ltr'>unus</span> 
     </span>
     <span class='ocr_line' id='line_1_21' title="bbox 323 2399 1392 2502; baseline 0.003 -33"><span class='ocrx_word' id='word_1_141' title='bbox 323 2405 416 2469; x_wconf 83' lang='lat' dir='ltr'>Deus</span> <span class='ocrx_word' id='word_1_142' title='bbox 432 2415 526 2492; x_wconf 82' lang='lat' dir='ltr'>parer</span> <span class='ocrx_word' id='word_1_143' title='bbox 546 2425 584 2470; x_wconf 85' lang='lat' dir='ltr'>ex</span> <span class='ocrx_word' id='word_1_144' title='bbox 600 2427 657 2498; x_wconf 75' lang='lat' dir='ltr'>qun</span> <span class='ocrx_word' id='word_1_145' title='bbox 675 2407 781 2472; x_wconf 82' lang='lat' dir='ltr'>omnia</span> <span class='ocrx_word' id='word_1_146' title='bbox 792 2449 801 2502; x_wconf 71' lang='lat' dir='ltr'><em>p</em></span> <span class='ocrx_word' id='word_1_147' title='bbox 832 2401 867 2474; x_wconf 74' lang='grc' dir='ltr'>δι</span> <span class='ocrx_word' id='word_1_148' title='bbox 887 2427 969 2472; x_wconf 83' lang='lat' dir='ltr'>unus</span> <span class='ocrx_word' id='word_1_149' title='bbox 988 2406 1164 2487; x_wconf 70' lang='lat' dir='ltr'>Dominus,</span> <span class='ocrx_word' id='word_1_150' title='bbox 1192 2401 1307 2472; x_wconf 79' lang='lat' dir='ltr'>&amp;una</span> <span class='ocrx_word' id='word_1_151' title='bbox 1321 2399 1392 2472; x_wconf 83' lang='lat' dir='ltr'>Ec·</span> 
     </span>
     <span class='ocr_line' id='line_1_22' title="bbox 325 2499 1392 2594; baseline -0.002 -22"><span class='ocrx_word' id='word_1_152' title='bbox 325 2499 436 2572; x_wconf 84' lang='lat' dir='ltr'>clefiae</span> <span class='ocrx_word' id='word_1_153' title='bbox 448 2500 532 2590; x_wconf 76' lang='lat' dir='ltr'>fides</span> <span class='ocrx_word' id='word_1_154' title='bbox 558 2499 633 2594; x_wconf 84' lang='lat' dir='ltr'>est,</span> <span class='ocrx_word' id='word_1_155' title='bbox 660 2525 757 2572; x_wconf 85' lang='lat' dir='ltr'>unum</span> <span class='ocrx_word' id='word_1_156' title='bbox 779 2502 953 2594; x_wconf 76' lang='lat' dir='ltr'>baptisma,</span> <span class='ocrx_word' id='word_1_157' title='bbox 979 2526 1078 2571; x_wconf 88' lang='lat' dir='ltr'>umrm</span> <span class='ocrx_word' id='word_1_158' title='bbox 1096 2523 1218 2594; x_wconf 81' lang='lat' dir='ltr'>corpur,</span> <span class='ocrx_word' id='word_1_159' title='bbox 1244 2499 1283 2576; x_wconf 72' lang='lat'>(5</span> <span class='ocrx_word' id='word_1_160' title='bbox 1304 2525 1392 2570; x_wconf 83' lang='lat' dir='ltr'>unus</span> 
     </span>
     <span class='ocr_line' id='line_1_23' title="bbox 317 2597 1393 2696; baseline 0.006 -30"><span class='ocrx_word' id='word_1_161' title='bbox 317 2597 478 2692; x_wconf 80' lang='lat' dir='ltr'>spiritus,</span> <span class='ocrx_word' id='word_1_162' title='bbox 515 2599 548 2672; x_wconf 86' lang='lat' dir='ltr'>dt</span> <span class='ocrx_word' id='word_1_163' title='bbox 572 2599 749 2676; x_wconf 82' lang='lat' dir='ltr'>adamum</span> <span class='ocrx_word' id='word_1_164' title='bbox 774 2599 1004 2696; x_wconf 72' lang='lat' dir='ltr'>persedionis</span> <span class='ocrx_word' id='word_1_165' title='bbox 1029 2601 1102 2672; x_wconf 91' lang='lat' dir='ltr'>Dei</span> <span class='ocrx_word' id='word_1_166' title='bbox 1129 2601 1237 2674; x_wconf 87' lang='lat' dir='ltr'>finem</span> <span class='ocrx_word' id='word_1_167' title='bbox 1264 2599 1393 2672; x_wconf 78' lang='lat' dir='ltr'>euntia</span> 
     </span>
     <span class='ocr_line' id='line_1_24' title="bbox 323 2697 1391 2794; baseline 0 -22"><span class='ocrx_word' id='word_1_168' title='bbox 323 2697 504 2773; x_wconf 77' lang='lat' dir='ltr'>festinant,</span> <span class='ocrx_word' id='word_1_169' title='bbox 563 2699 633 2772; x_wconf 90' lang='lat' dir='ltr'>Sed</span> <span class='ocrx_word' id='word_1_170' title='bbox 656 2699 689 2772; x_wconf 80' lang='lat' dir='ltr'>dt</span> <span class='ocrx_word' id='word_1_171' title='bbox 714 2715 777 2792; x_wconf 81' lang='lat' dir='ltr'>tu,</span> <span class='ocrx_word' id='word_1_172' title='bbox 811 2700 871 2794; x_wconf 89' lang='lat' dir='ltr'>qui</span> <span class='ocrx_word' id='word_1_173' title='bbox 895 2701 971 2773; x_wconf 88' lang='lat' dir='ltr'>haec</span> <span class='ocrx_word' id='word_1_174' title='bbox 999 2701 1126 2793; x_wconf 83' lang='lat' dir='ltr'>audis,</span> <span class='ocrx_word' id='word_1_175' title='bbox 1158 2701 1182 2772; x_wconf 91' lang='lat' dir='ltr'>s1</span> <span class='ocrx_word' id='word_1_176' title='bbox 1209 2699 1391 2794; x_wconf 87' lang='lat' dir='ltr'>scripturis</span> 
     </span>
    </p>

    <p class='ocr_par' dir='ltr' id='par_1_3' title="bbox 227 2795 1418 4171">
     <span class='ocr_line' id='line_1_25' title="bbox 323 2795 1393 2894; baseline 0 -24"><span class='ocrx_word' id='word_1_177' title='bbox 323 2795 447 2871; x_wconf 78' lang='lat' dir='ltr'>fandis</span> <span class='ocrx_word' id='word_1_178' title='bbox 473 2798 636 2870; x_wconf 89' lang='lat' dir='ltr'>intendas</span> <span class='ocrx_word' id='word_1_179' title='bbox 663 2821 708 2872; x_wconf 89' lang='lat' dir='ltr'>ex</span> <span class='ocrx_word' id='word_1_180' title='bbox 736 2802 839 2890; x_wconf 86' lang='lat' dir='ltr'>oti0,</span> <span class='ocrx_word' id='word_1_181' title='bbox 871 2803 1048 2892; x_wconf 88' lang='lat' dir='ltr'>permulta</span> <span class='ocrx_word' id='word_1_182' title='bbox 1068 2800 1231 2874; x_wconf 86' lang='lat' dir='ltr'>invenies</span> <span class='ocrx_word' id='word_1_183' title='bbox 1251 2821 1393 2894; x_wconf 87' lang='lat' dir='ltr'>magna-</span> 
     </span>
     <span class='ocr_line' id='line_1_26' title="bbox 227 2890 1393 2994; baseline 0 -24"><span class='ocrx_word' id='word_1_184' title='bbox 227 2890 231 2905; x_wconf 83' lang='lat'>&#39;</span> <span class='ocrx_word' id='word_1_185' title='bbox 323 2917 405 2970; x_wconf 86' lang='lat' dir='ltr'>rura</span> <span class='ocrx_word' id='word_1_186' title='bbox 434 2897 665 2994; x_wconf 89' lang='lat' dir='ltr'>rerumgesta</span> <span class='ocrx_word' id='word_1_187' title='bbox 689 2897 750 2972; x_wconf 91' lang='lat' dir='ltr'>sub</span> <span class='ocrx_word' id='word_1_188' title='bbox 780 2899 974 2972; x_wconf 88' lang='lat' dir='ltr'>tricenario</span> <span class='ocrx_word' id='word_1_189' title='bbox 998 2901 1058 2972; x_wconf 88' lang='lat' dir='ltr'>vel</span> <span class='ocrx_word' id='word_1_190' title='bbox 1089 2901 1393 2994; x_wconf 85' lang='lat' dir='ltr'>quinquagenario</span> 
     </span>
     <span class='ocr_line' id='line_1_27' title="bbox 324 2996 1394 3094; baseline -0.006 -20"><span class='ocrx_word' id='word_1_191' title='bbox 324 3015 478 3074; x_wconf 87' lang='lat' dir='ltr'>numero</span> <span class='ocrx_word' id='word_1_192' title='bbox 499 2999 689 3071; x_wconf 90' lang='lat' dir='ltr'>contineri.</span> <span class='ocrx_word' id='word_1_193' title='bbox 741 2996 906 3094; x_wconf 86' lang='lat' dir='ltr'>Triginta</span> <span class='ocrx_word' id='word_1_194' title='bbox 923 3019 1098 3071; x_wconf 89' lang='lat' dir='ltr'>annorum</span> <span class='ocrx_word' id='word_1_195' title='bbox 1117 2997 1249 3093; x_wconf 87' lang='lat' dir='ltr'>Joseph</span> <span class='ocrx_word' id='word_1_196' title='bbox 1275 2998 1394 3070; x_wconf 87' lang='lat' dir='ltr'>educi·</span> 
     </span>
     <span class='ocr_line' id='line_1_28' title="bbox 325 3097 1392 3193; baseline 0.002 -25"><span class='ocrx_word' id='word_1_197' title='bbox 325 3108 386 3168; x_wconf 92' lang='lat' dir='ltr'>tur</span> <span class='ocrx_word' id='word_1_198' title='bbox 408 3097 453 3170; x_wconf 91' lang='lat' dir='ltr'>de</span> <span class='ocrx_word' id='word_1_199' title='bbox 472 3116 637 3190; x_wconf 89' lang='lat' dir='ltr'>carcere,</span> <span class='ocrx_word' id='word_1_200' title='bbox 675 3097 844 3170; x_wconf 83' lang='lat' dir='ltr'>&amp;totius</span> <span class='ocrx_word' id='word_1_201' title='bbox 874 3097 1024 3193; x_wconf 86' lang='lat' dir='ltr'>AEgypti</span> <span class='ocrx_word' id='word_1_202' title='bbox 1052 3097 1192 3190; x_wconf 87' lang='lat' dir='ltr'>suscipit</span> <span class='ocrx_word' id='word_1_203' title='bbox 1215 3099 1392 3190; x_wconf 87' lang='lat' dir='ltr'>principa-</span> 
     </span>
     <span class='ocr_line' id='line_1_29' title="bbox 326 3195 1418 3291; baseline 0.001 -24"><span class='ocrx_word' id='word_1_204' title='bbox 326 3208 425 3287; x_wconf 85' lang='lat' dir='ltr'>tum,</span> <span class='ocrx_word' id='word_1_205' title='bbox 451 3209 493 3266; x_wconf 93' lang='lat' dir='ltr'>ut</span> <span class='ocrx_word' id='word_1_206' title='bbox 513 3195 726 3269; x_wconf 88' lang='lat' dir='ltr'>imminentis</span> <span class='ocrx_word' id='word_1_207' title='bbox 746 3197 942 3291; x_wconf 88' lang='lat' dir='ltr'>perniciem</span> <span class='ocrx_word' id='word_1_208' title='bbox 957 3198 1059 3272; x_wconf 89' lang='lat' dir='ltr'>famis</span> <span class='ocrx_word' id='word_1_209' title='bbox 1080 3199 1201 3272; x_wconf 81' lang='lat' dir='ltr'>divina</span> <span class='ocrx_word' id='word_1_210' title='bbox 1216 3197 1395 3290; x_wconf 78' lang='lat' dir='ltr'>provisio·</span> <span class='ocrx_word' id='word_1_211' title='bbox 1415 3208 1418 3214; x_wconf 86' lang='lat'>&#39;</span> 
     </span>
     <span class='ocr_line' id='line_1_30' title="bbox 327 3294 1394 3392; baseline 0.003 -25"><span class='ocrx_word' id='word_1_212' title='bbox 327 3315 376 3367; x_wconf 87' lang='lat' dir='ltr'>ne</span> <span class='ocrx_word' id='word_1_213' title='bbox 397 3294 562 3386; x_wconf 89' lang='lat' dir='ltr'>depellat.</span> <span class='ocrx_word' id='word_1_214' title='bbox 615 3294 782 3390; x_wconf 86' lang='lat' dir='ltr'>Triginta</span> <span class='ocrx_word' id='word_1_215' title='bbox 798 3317 975 3370; x_wconf 86' lang='lat' dir='ltr'>annorum</span> <span class='ocrx_word' id='word_1_216' title='bbox 994 3297 1150 3370; x_wconf 82' lang='lat' dir='ltr'>refertur</span> <span class='ocrx_word' id='word_1_217' title='bbox 1163 3298 1284 3392; x_wconf 86' lang='lat' dir='ltr'>Jcsns,</span> <span class='ocrx_word' id='word_1_218' title='bbox 1311 3317 1394 3370; x_wconf 88' lang='lat' dir='ltr'>cum</span> 
     </span>
     <span class='ocr_line' id='line_1_31' title="bbox 327 3391 1395 3488; baseline 0.002 -26"><span class='ocrx_word' id='word_1_219' title='bbox 327 3393 435 3481; x_wconf 76' lang='lat' dir='ltr'>venit</span> <span class='ocrx_word' id='word_1_220' title='bbox 454 3391 496 3466; x_wconf 92' lang='lat' dir='ltr'>ad</span> <span class='ocrx_word' id='word_1_221' title='bbox 509 3394 740 3488; x_wconf 85' lang='lat' dir='ltr'>baptismum,</span> <span class='ocrx_word' id='word_1_222' title='bbox 777 3395 917 3468; x_wconf 86' lang='lat' dir='ltr'>&amp;vidit</span> <span class='ocrx_word' id='word_1_223' title='bbox 936 3399 1046 3470; x_wconf 89' lang='lat' dir='ltr'>coelos</span> <span class='ocrx_word' id='word_1_224' title='bbox 1063 3395 1218 3485; x_wconf 81' lang='lat' dir='ltr'>divisos,</span> <span class='ocrx_word' id='word_1_225' title='bbox 1246 3395 1279 3467; x_wconf 84' lang='lat' dir='ltr'>dt</span> <span class='ocrx_word' id='word_1_226' title='bbox 1297 3394 1395 3488; x_wconf 85' lang='lat' dir='ltr'>spiri·</span> 
     </span>
     <span class='ocr_line' id='line_1_32' title="bbox 328 3491 1394 3588; baseline 0.001 -25"><span class='ocrx_word' id='word_1_227' title='bbox 328 3506 407 3564; x_wconf 89' lang='lat' dir='ltr'>turn</span> <span class='ocrx_word' id='word_1_228' title='bbox 429 3491 501 3564; x_wconf 90' lang='lat' dir='ltr'>Dei</span> <span class='ocrx_word' id='word_1_229' title='bbox 514 3493 551 3566; x_wconf 90' lang='lat' dir='ltr'>in</span> <span class='ocrx_word' id='word_1_230' title='bbox 569 3496 743 3568; x_wconf 80' lang='lat' dir='ltr'>columba</span> <span class='ocrx_word' id='word_1_231' title='bbox 761 3493 878 3587; x_wconf 87' lang='lat' dir='ltr'>specie</span> <span class='ocrx_word' id='word_1_232' title='bbox 897 3499 1105 3570; x_wconf 88' lang='lat' dir='ltr'>venientem</span> <span class='ocrx_word' id='word_1_233' title='bbox 1124 3494 1226 3588; x_wconf 85' lang='lat' dir='ltr'>super</span> <span class='ocrx_word' id='word_1_234' title='bbox 1246 3494 1305 3567; x_wconf 88' lang='lat' dir='ltr'>se:</span> <span class='ocrx_word' id='word_1_235' title='bbox 1329 3497 1394 3564; x_wconf 81' lang='lat' dir='ltr'>ubi</span> 
     </span>
     <span class='ocr_line' id='line_1_33' title="bbox 330 3589 1394 3688; baseline 0 -25"><span class='ocrx_word' id='word_1_236' title='bbox 330 3589 365 3663; x_wconf 82' lang='lat' dir='ltr'>dt</span> <span class='ocrx_word' id='word_1_237' title='bbox 381 3592 532 3682; x_wconf 85' lang='lat' dir='ltr'>primum</span> <span class='ocrx_word' id='word_1_238' title='bbox 546 3594 654 3688; x_wconf 88' lang='lat' dir='ltr'>coepit</span> <span class='ocrx_word' id='word_1_239' title='bbox 670 3595 925 3670; x_wconf 85' lang='lat' dir='ltr'>sacramentum</span> <span class='ocrx_word' id='word_1_240' title='bbox 944 3597 1125 3688; x_wconf 88' lang='lat' dir='ltr'>patescere</span> <span class='ocrx_word' id='word_1_241' title='bbox 1142 3596 1330 3680; x_wconf 66' lang='lat' dir='ltr'>trinitatis,</span> <span class='ocrx_word' id='word_1_242' title='bbox 1358 3591 1394 3664; x_wconf 77' lang='grc' dir='ltr'>δι</span> 
     </span>
     <span class='ocr_line' id='line_1_34' title="bbox 329 3691 1394 3787; baseline 0 -23"><span class='ocrx_word' id='word_1_243' title='bbox 329 3691 442 3764; x_wconf 88' lang='lat' dir='ltr'>multa</span> <span class='ocrx_word' id='word_1_244' title='bbox 467 3692 521 3764; x_wconf 90' lang='lat' dir='ltr'>his</span> <span class='ocrx_word' id='word_1_245' title='bbox 546 3693 666 3768; x_wconf 85' lang='lat' dir='ltr'>similia</span> <span class='ocrx_word' id='word_1_246' title='bbox 693 3693 870 3766; x_wconf 87' lang='lat' dir='ltr'>invenies.</span> <span class='ocrx_word' id='word_1_247' title='bbox 921 3692 991 3768; x_wconf 83' lang='lat' dir='ltr'>Sed</span> <span class='ocrx_word' id='word_1_248' title='bbox 1015 3693 1394 3787; x_wconf 72' lang='lat' dir='ltr'>&amp;quinquagenarum</span> 
     </span>
     <span class='ocr_line' id='line_1_35' title="bbox 330 3790 1395 3890; baseline 0 -28"><span class='ocrx_word' id='word_1_249' title='bbox 330 3790 425 3863; x_wconf 87' lang='lat' dir='ltr'>diem</span> <span class='ocrx_word' id='word_1_250' title='bbox 443 3790 600 3887; x_wconf 83' lang='lat' dir='ltr'>festum,</span> <span class='ocrx_word' id='word_1_251' title='bbox 633 3796 670 3866; x_wconf 90' lang='lat' dir='ltr'>in</span> <span class='ocrx_word' id='word_1_252' title='bbox 692 3815 873 3868; x_wconf 88' lang='lat' dir='ltr'>novarum</span> <span class='ocrx_word' id='word_1_253' title='bbox 889 3794 1030 3890; x_wconf 82' lang='lat' dir='ltr'>frugum</span> <span class='ocrx_word' id='word_1_254' title='bbox 1049 3793 1321 3866; x_wconf 87' lang='lat' dir='ltr'>consecratione</span> <span class='ocrx_word' id='word_1_255' title='bbox 1339 3812 1395 3862; x_wconf 88' lang='lat' dir='ltr'>rc·</span> 
     </span>
     <span class='ocr_line' id='line_1_36' title="bbox 331 3891 1395 3987; baseline -0.001 -25"><span class='ocrx_word' id='word_1_256' title='bbox 331 3892 476 3986; x_wconf 84' lang='lat' dir='ltr'>peries,</span> <span class='ocrx_word' id='word_1_257' title='bbox 504 3892 537 3964; x_wconf 78' lang='lat' dir='ltr'>da</span> <span class='ocrx_word' id='word_1_258' title='bbox 557 3892 601 3966; x_wconf 90' lang='lat' dir='ltr'>de</span> <span class='ocrx_word' id='word_1_259' title='bbox 616 3891 894 3968; x_wconf 87' lang='lat' dir='ltr'>Madianitarum</span> <span class='ocrx_word' id='word_1_260' title='bbox 906 3892 1024 3987; x_wconf 77' lang='lat' dir='ltr'>spoliis</span> <span class='ocrx_word' id='word_1_261' title='bbox 1039 3893 1203 3966; x_wconf 90' lang='lat' dir='ltr'>Domino</span> <span class='ocrx_word' id='word_1_262' title='bbox 1224 3892 1395 3983; x_wconf 87' lang='lat' dir='ltr'>quinqua·</span> 
     </span>
     <span class='ocr_line' id='line_1_37' title="bbox 299 3989 1398 4171; baseline 0.004 -109"><span class='ocrx_word' id='word_1_263' title='bbox 299 4027 304 4034; x_wconf 95' lang='lat'>·</span> <span class='ocrx_word' id='word_1_264' title='bbox 332 3990 460 4090; x_wconf 85' lang='lat' dir='ltr'>gesima</span> <span class='ocrx_word' id='word_1_265' title='bbox 484 3991 672 4090; x_wconf 81' lang='lat' dir='ltr'>delibatur.</span> <span class='ocrx_word' id='word_1_266' title='bbox 724 3992 816 4070; x_wconf 84' lang='lat' dir='ltr'>Cum</span> <span class='ocrx_word' id='word_1_267' title='bbox 841 3996 1132 4092; x_wconf 81' lang='lat' dir='ltr'>trecentisvern</span> <span class='ocrx_word' id='word_1_268' title='bbox 1170 3989 1398 4171; x_wconf 53' lang='lat' dir='ltr'>invgniesdr</span> 
     </span>
    </p>

    <p class='ocr_par' dir='ltr' id='par_1_4' title="bbox 401 4094 1343 4167">
     <span class='ocr_line' id='line_1_38' title="bbox 401 4094 1343 4167; baseline 0.002 -3"><span class='ocrx_word' id='word_1_269' title='bbox 401 4141 405 4148; x_wconf 90' lang='lat'>-</span> <span class='ocrx_word' id='word_1_270' title='bbox 546 4121 549 4132; x_wconf 62' lang='lat'><strong><em>¹</em></strong></span> <span class='ocrx_word' id='word_1_271' title='bbox 1268 4094 1343 4167; x_wconf 81' lang='lat' dir='ltr'>bra·</span> 
     </span>
    </p>
   </div>
   <div class='ocr_carea' id='block_1_3' title="bbox 0 0 1736 4692">
    <p class='ocr_par' dir='ltr' id='par_1_5' title="bbox 0 0 1736 4692">
     <span class='ocr_line' id='line_1_39' title="bbox 0 0 1736 4692; baseline 0 0"><span class='ocrx_word' id='word_1_272' title='bbox 0 0 1736 4692; x_wconf 95' lang='lat' dir='ltr'> </span> 
     </span>
    </p>
   </div>
  </div>
 </body>
</html>
