3417 4692
445 405 511 481 lN
538 403 823 480 GENESIM
847 403 1129 482 HOMILIA
1152 407 1198 483 Π.
1275 415 1343 484 161

280 567 434 664 Spiritus
451 569 660 659 continere,
687 580 877 663 exaggerat
890 559 1096 658 hujusmodi
1112 563 1233 664 dida,
1248 569 1347 644 &di-

286 672 360 763 cit,
384 671 484 742 nullo
498 668 610 740 modo
626 664 703 739 fieri
722 665 898 758 potuiffe,
923 681 965 738 ut
984 682 1056 742 tam
1071 671 1185 742 breve
1197 669 1348 764 spatium

283 783 346 844 tot
362 769 561 840 animalium
576 785 708 863 genera
723 786 921 858 eorumque
937 767 1061 862 cibos,
1077 772 1136 858 qui
1148 789 1212 862 per
1225 782 1348 845 totum

245 952 249 958 ,
285 889 418 946 aunum
440 863 660 958 sufficerent,
688 884 815 958 capere
835 863 1017 958 potuiiiet.
1069 864 1159 940 Cum
1180 869 1273 941 enim
1291 869 1347 940 bi·

285 967 379 1040 na&
396 965 477 1039 bina
489 988 534 1039 ex
550 965 736 1038 immundis
757 961 985 1055 animalibus,
1011 965 1085 1038 hoc
1100 965 1151 1037 est
1166 967 1240 1039 bini
1259 967 1346 1040 mai·

286 1067 358 1148 culi
376 1065 410 1138 dt
433 1067 523 1137 binae
544 1065 693 1138 foeminae
710 1059 803 1160 (hot
819 1063 918 1136 enim
934 1065 1067 1136 indicat
1082 1063 1197 1138 sermo
1213 1069 1345 1158 repeti-

284 1167 366 1263 tus)
385 1186 430 1238 ex
444 1165 582 1237 mundis
597 1181 691 1236 vero
706 1163 851 1257 septena
871 1163 904 1234 ἃ
920 1161 1084 1256 septena,
1110 1166 1207 1255 quod
1222 1167 1274 1238 est
1287 1189 1348 1258 pa·

282 1268 338 1338 ria
352 1262 496 1357 septena
513 1265 549 1336 in
564 1284 680 1338 arcam
695 1263 857 1334 dicantur
869 1261 1031 1353 induite,
1057 1265 1269 1358 quomodo,
1295 1269 1347 1338 in·

287 1367 386 1458 quit,
414 1361 491 1436 fieri
513 1362 635 1456 potuit
657 1360 749 1436 istud
771 1361 940 1456 spatium,
969 1363 1066 1454 quod
1087 1361 1253 1456 scriptum
1277 1364 1349 1458 est,

286 1480 330 1536 ut
348 1477 502 1555 quatuor
519 1459 638 1535 saltem
661 1457 758 1533 solos
781 1463 990 1554 elephantes
1013 1482 1142 1554 capere
1158 1461 1348 1555 potuerit?

283 1555 343 1636 Er·
355 1561 582 1654 posteaquam
606 1579 671 1654 per
689 1559 840 1655 singulas
862 1561 995 1653 species
1015 1561 1088 1634 hoc
1110 1561 1223 1634 modo
1242 1563 1351 1634 refra-¹

285 1679 414 1758 gatar,
446 1661 544 1733 addit
565 1659 808 1752 superomnia
829 1660 885 1731 his
908 1661 1050 1732 verbis:
1085 1658 1236 1735 Constat
1260 1681 1349 1756 ergo

283 1761 401 1835 fidiam
418 1759 487 1832 esse
499 1760 666 1848 fabulam.
719 1759 869 1853 Quodsr
890 1758 961 1852 est,
985 1758 1126 1832 constat
1142 1781 1219 1834 non
1240 1759 1309 1833 effe
1330 1782 1352 1834 a

285 1860 373 1932 Deo
388 1862 480 1932 hanc
500 1854 717 1953 scripturam.
769 1857 839 1930 Sed
859 1859 994 1932 adhaec
1012 1880 1105 1952 nos,
1133 1881 1209 1950 quae
1229 1881 1249 1932 a
1268 1879 1351 1952 pru·

286 1959 452 2032 dentibus
475 1958 592 2050 viris,
619 1957 931 2030 &Hebraicarum
955 1959 1188 2032 traditionum
1209 1961 1350 2054 gnaris,

286 2071 394 2150 atque
416 2082 434 2129 a
456 2057 641 2130 veteribus
656 2055 826 2154 magistris
848 2057 1053 2149 didicimus,
1080 2058 1122 2129 ad
1146 2059 1352 2131 auditorum

283 2158 453 2231 notitiam
472 2157 685 2230 deferemus.
750 2155 908 2250 Aiebant
930 2177 1018 2252 ergo
1036 2158 1217 2250 maiores,
1253 2157 1353 2250 quod

283 2255 460 2351 Moyses,
494 2257 553 2347 qui
573 2254 642 2351 (ut
661 2256 705 2327 de
726 2276 772 2328 eo
793 2256 966 2348 scriptura
990 2254 1158 2355 testatur)
1181 2260 1280 2330 omni
1305 2256 1353 2328 sa-

282 2357 419 2450 pientia
444 2354 703 2451 AEgyptiorum
723 2354 843 2427 fuerat
867 2355 1046 2447 eruditus,
1081 2353 1272 2428 secundum
1300 2376 1353 2426 ar-

280 2470 357 2528 tem
378 2457 666 2552 geometricam,
703 2473 805 2545 quam
832 2453 1012 2548 praecipue
1034 2453 1198 2550 AEgyptii
1219 2456 1351 2527 eallent

286 2555 494 2627 cubitorum
513 2574 700 2626 numerum
718 2555 756 2625 in
772 2554 845 2624 hoc
863 2553 1099 2650 locoposuit.
1137 2554 1247 2646 Apud
1267 2575 1352 2650 geo-

287 2667 419 2729 metras
439 2654 534 2726 enim
547 2653 738 2728 secundum
756 2672 834 2724 earn
851 2655 1050 2745 rationem,
1077 2675 1154 2745 quae
1174 2653 1267 2746 apud
1287 2672 1354 2724 eos

289 2753 405 2828 virtus
421 2767 598 2845 vocatur,
633 2771 679 2823 ex
700 2749 816 2823 solido
833 2751 868 2822 ἃ
889 2751 1064 2842 quadrato
1080 2754 1142 2823 vei
1160 2754 1196 2824 in
1210 2751 1270 2824 sex
1295 2772 1357 2823 cu·

289 2854 390 2924 bitos
409 2871 500 2924 unus
518 2852 711 2955 deputatur
734 2849 759 2923 fi
780 2850 1017 2946 generaliter,
1044 2852 1106 2922 vel
1122 2865 1309 2926 trecentos
1329 2849 1357 2924 st

289 2953 491 3025 minutatim
510 2950 717 3023 deducatur.
770 2951 862 3119 (iuae
879 2949 1004 3040 utique
1022 2952 1117 3021 ratio
1138 2951 1163 3022 si
1187 2949 1356 3022 observe·
1457 3015 1460 3020 .

289 3064 376 3140 tur,
410 3052 447 3122 in
465 3052 568 3141 hujus
593 3069 786 3142 arcaemen
801 3068 866 3121 ura
889 3049 1122 3120 invenientur
1144 3049 1177 3120 dr
1199 3051 1357 3144 longitu-

291 3150 382 3223 dinis
416 3149 450 3222 δι
480 3145 687 3222 latitudinis?
709 3159 810 3219 tanta
838 3145 976 3240 spatia,
1010 3168 1087 3239 quae
1118 3167 1208 3219 vere
1240 3149 1356 3220 totius

280 3248 414 3324 ¹mundi
439 3247 634 3343 reparanda
666 3250 824 3343 germina
857 3245 891 3318 ἀ
923 3247 1173 3320 universorum
1203 3248 1359 3319 animan·

292 3350 384 3421 tium
416 3368 546 3442 capere
578 3347 746 3418 rediviva
777 3342 962 3418 seminaria
992 3346 1189 3438 potuerint.
1241 3343 1357 3436 Hac,

296 3459 465 3538 quantum
492 3447 534 3521 ad
559 3445 712 3520 historiar
741 3445 902 3536 pertinet
925 3446 1131 3541 rationem,
1169 3442 1359 3518 adversum

328 3559 334 3568 ··
859 3574 862 3579 ·
1242 3563 1308 3616 eos

639 3703 834 3794 Vaasro
859 3723 1002 3780 nova·

296 3823 451 3934 reforma
458 3844 505 3941 fit
517 3848 719 3943 experienda,
744 3870 797 3939 age
807 3892 819 3925 ‚
846 3849 896 3916 ita
915 3837 1113 3946 exponamur.
1144 3841 1262 3936 'Cogita
1277 3843 1360 3914 mihi

295 3967 374 4015 arca
395 3950 488 4016 imam
505 3945 755 4039 longitudinem,
775 3946 945 4035 secundum
958 3947 1056 4040 supra
1076 3960 1275 4014 memoratam
1292 3968 1361 4011 vam

295 4042 353 4137 effe
365 4058 573 4118 trecentorum
583 4047 779 4136 cubitorum,
805 4047 1009 4117 latitudinem
1021 4069 1095 4117 vero
1108 4047 1371 4142 quinquaginteg

348 4147 494 4238 Ort'gmis
524 4148 611 4218 Tem.
643 4149 687 4228 V,
886 4141 922 4224 Ι.
1221 4139 1340 4213 utaris
