3417 4692
292 465 294 472 .
374 361 739 481 1uux0nuu
764 397 1259 484 conuenturum.
1293 427 1368 504 303
1455 353 1460 364 ’

240 641 243 646 .
299 557 517 664 spondeant:
544 555 968 662 quid'feciiiet·Pharao,
993 568 1056 643 nist
1083 567 1200 643 fuiuet
1223 567 1366 646 induras

298 666 392 739 tus?
429 666 465 739 Si
500 667 594 740 enim
619 665 794 741 dimifiiset
821 687 898 740 non
923 667 1137 762 induratus,
1178 688 1255 742 non
1285 683 1367 745 erat

296 765 446 861 perditae
471 781 635 855 naturae3
675 780 711 838 at
732 766 757 839 sr
780 787 856 840 non
881 765 1081 860 dimisisset,
1116 767 1203 840 nihil
1221 769 1364 845 neceiie

301 859 380 940 e'rat
402 866 507 960 ipfius
535 886 601 938 cor
620 866 794 938 indurari:
819 888 888 939 nec
910 870 1001 939 enim
1029 866 1224 959 diminuet,
1254 869 1366 947 etiatu'

297 985 377 1040 non
395 964 592 1039 induratus.
643 967 807 1062 Quanam
824 979 942 1039 autem
957 964 1146 1039 afflone&
1166 969 1204 1038 vi
1217 968 1254 1040 in
1266 970 1366 1061 prin*

298 1057 448 1158 c'ipaiem
470 1045 544 1157 e‘jus
565 1063 771 1138 facultatem
790 1064 901 1159 ipsum
919 1064 1127 1139 induravit?
1154 1067 1188 1139 ἃ
1209 1089 1363 1159 quomo·

297 1165 347 1237 do
371 1186 451 1238 eum
481 1162 643 1257 accusat,
670 1167 811 1238 dicens:
845 1171 937 1258 Quia
959 1191 1023 1237 nou
1048 1169 1236 1262 obtemperas
1258 1170 1362 1259 milri,

295 1289 361 1335 ecce·
383 1289 431 1359 ego
464 1267 655 1356 interficiam
679 1269 785 1337 omnia
814 1271 1027 1362 primogenito
1053 1283 1138 1356 rua,
1174 1263 1214 1341 ὕ
1239 1269 1362 1361 cognei-

294 1381 369 1436 tent
395 1388 499 1435 omues
528 1365 711 1458 AEgyptii,
745 1367 821 1463 quia
845 1390 895 1460 ego
920 1369 994 1456 Jum
1021 1368 1205 1439 Dominum
1217 1387 1232 1453 3
1265 1365 1363 1458 quast

293 1478 522 1558 propterea,
558 1483 636 1555 quae
662 1478 834 1558 putantur
865 1485 1029 1540 aerumnae
1058 1465 1100 1538 iis
1125 1463 1362 1564 infligantur5

295 1580 338 1636 ut
365 1564 484 1636 Deum
515 1563 747 1658 cognoscant.
799 1563 922 1657 Atque
951 1564 987 1637 in
1013 1564 1113 1638 libris
1134 1563 1363 1641 Maccabaeo·

295 1684 374 1738 rum
394 1662 502 1737 [imile
533 1663 617 1755 quid
645 1664 798 1737 dicitur:
824 1669 989 1737 Adhortor
1011 1675 1135 1754 omues,
1161 1671 1218 1764 qui
1240 1667 1363 1740 tibrum

293 1764 381 1834 hunc
397 1765 527 1858 legunt,
552 1789 592 1834 ne
617 1769 761 1836 animum
780 1765 976 1837 contrahant
993 1780 1120 1862 propter
1143 1767 1337 1839 calamitates
1344 1785 1362 1856 ‚⁴

287 1864 343 1955 sed
374 1867 551 1958 existiment
575 1888 611 1934 ea
634 1871 899 1962 quamtum,
925 1868 1043 1938 nouat!
1057 1871 1212 1954 exitium,
1242 1867 1297 1957 sed
1320 1873 1361 1942 im

294 1964 493 2060 dilciplinam
514 1970 640 2058 generis
657 1963 754 2064 nostri
776 1964 849 2057 effe:
877 1990 953 2036 nom
977 1968 1034 2037 diu
1053 1990 1116 2037 non
1141 1968 1284 2064 relinqui
1300 1972 1360 2037 iur-

290 2057 383 2160 ῥέοι,
415 2067 468 2153 sed
488 2066 600 2162 siurim
634 2068 671 2134 iu
693 2086 798 2162 penos
824 2069 984 2149 incidere,
1018 2071 1126 2161 magni
1155 2067 1196 2167 esi
1216 2068 1360 2159 beneficit*

289 2182 518 2258 argumentum.
568 2166 649 2235 Non
681 2170 766 2236 enim
790 2181 830 2237 ut
855 2172 892 2236 in
923 2168 996 2237 oiiis
1017 2167 1165 2260 gentibus
1196 2165 1358 2263 exspeiiur
1441 2223 1445 2252 ,

283 2263 442 2362 sustinens
470 2268 649 2352 Dominus,
675 2282 714 2339 ur
738 2268 873 2361 denique
892 2262 1023 2355 dimiffis
1042 2271 1177 2363 peccatis
1199 2267 1356 2364 ipsorum,

290 2389 340 2436 eos
361 2365 459 2462 postea
485 2365 654 2454 uitijiutur
666 2416 677 2453 ,
713 2370 764 2437 ito
788 2364 827 2440 (i
853 2367 888 2436 de
912 2365 999 2436 uobis
1014 2365 1161 2458 statuit,
1191 2371 1248 2462 qui
1272 2367 1358 2439 coio-

290 2469 405 2534 mirate
428 2467 575 2562 populum
592 2467 690 2552 suum
714 2468 859 2536 erudiens
883 2489 948 2535 nom
974 2465 1138 2564 relinquit.
1188 2464 1225 2537 si
1258 2466 1358 2542 enim

289 2563 327 2636 in
351 2583 470 2656 poenas
490 2579 643 2658 propter
660 2577 810 2658 peccata
830 2563 988 2638 incider'e
1006 2566 1123 2660 magni
1152 2562 1204 2638 est
1219 2562 1358 2640 benene

289 2662 336 2735 cii
363 2677 631 2760 argumentum,
664 2663 803 2736 Pharao
830 2679 998 2758 quoque,
1026 2665 1085 2754 qui
1105 2661 1188 2756 post
1213 2663 1357 2738 indura·

288 2775 367 2838 tum
385 2783 450 2836 cor
470 2761 568 2836 suum
586 2762 796 2860 objurgatur
811 2761 845 2835 δι
859 2784 929 2838 una
948 2784 1027 2836 cum
1048 2765 1188 2856 populo
1205 2758 1269 2834 suo
1290 2783 1358 2859 pu-

286 2861 406 2952 nitur,
424 2863 508 2935 vide
530 2884 637 2954 num,
653 2863 768 2957 iuste,
790 2876 897 2954 atque
906 2859 960 2935 'ob
982 2863 1169 2960 proprium
1187 2861 1356 2939 deliuum

287 2960 563 3053 vituperetur&
581 2965 759 3055 puniatur.
810 2963 932 3034 David
951 2975 1068 3035 autem
1085 2973 1197 3055 prout
1211 2975 1355 3057 tempus

286 3061 489 3155 poscebat,
523 3059 594 3133 Dei
622 3060 737 3134 iatius
760 3063 947 3148 imitator,
976 3062 1026 3135 'de
1047 3062 1140 3158 Joab
1167 3061 1356 3136 Salomoni

286 3159 450 3253 mandat,
473 3161 526 3232 uti
554 3183 635 3232 eum
662 3177 815 3255 propter
834 3163 966 3234 cedem
990 3162 1116 3234 Abner
1140 3160 1201 3234 uui
1223 3159 1302 3234 Ner
1320 3162 1369 3236 ou
1421 3186 1431 3202 ‘

270 3349 275 3355 ⁵
284 3274 438 3352 propter
456 3257 581 3333 deliria
594 3259 799 3335 interficiat.
849 3260 993 3334 Deinde
1011 3261 1211 3357 subjungit:
1241 3263 1288 3332 Er
1303 3262 1356 3332 de·

285 3359 370 3428 duces
400 3385 492 3430 canos
510 3363 576 3455 ejus
597 3365 635 3430 in
654 3381 731 3456 poce
755 3364 796 3431 ad
821 3361 954 3452 inferos.
1006 3357 1234 3453 Perspicuum
1258 3375 1355 3434 Vero

285 3453 365 3540 est,
402 3470 444 3531 ut
472 3461 579 3531 nobis
607 3455 780 3533 Hebraeus
811 3459 1072 3552 renunciavit,
1108 3481 1213 3549 eum,
1252 3460 1356 3552 quod

284 3553 395 3629 fuerit
413 3557 624 3654 castigatus,
651 3560 688 3631 in
709 3579 801 3656 pace
816 3558 1078 3650 dormiturum,
1111 3559 1271 3650 nonium
1293 3558 1356 3633 tie·

282 3656 359 3728 bita
385 3657 435 3728 iili
454 3678 559 3749 poena
584 3658 847 3749 &tormento‚
880 3675 1074 3751 propterea
1099 3658 1257 3749 quodid
1278 3659 1353 3750 jam

282 3752 507 3849 susceperit,
544 3756 731 3850 postquam
759 3781 803 3832 ex
838 3758 905 3830 hac
934 3759 1011 3829 vita
1039 3756 1240 3830 disceiierit.
1290 3755 1353 3830 Sic

283 3856 390 3929 etiam
404 3867 471 3927 nos
488 3856 598 3929 minas
617 3878 743 3930 omnes
759 3858 951 3949 accipimus
968 3879 1012 3929 ex
1027 3856 1130 3929 sacris
1146 3858 1355 3948 seripturis,

282 3954 378 4027 &ex
402 3955 438 4025 vi
457 3977 498 4027 ac
513 3957 729 4049 operatione
747 3957 1019 4054 magnitudinis,
1047 3957 1081 4027 &
1097 3957 1225 4027 ordine
1244 3953 1353 4048 opifi-

282 4047 425 4138 c'iorum
450 4054 548 4151 Dei,
587 4058 647 4146 qui
673 4053 893 4152 aspeuauiua
920 4056 954 4128 u
978 4076 1056 4148 quae
1077 4076 1156 4128 non
1178 4053 1357 4131 videntur-
1455 4109 1465 4128 .

1181 4154 1314 4225 eonor-
