3417 4692
523 309 1053 485 ,russonum
1264 406 1336 480 mx

280 545 529 621 derintcrucis
549 542 701 621 fideliter
714 544 844 640 fixum,
870 532 1356 643 &magnitudinembrtcbii'

280 648 395 741 illius,
423 645 717 738 quodDominus
737 648 907 741 expandit
924 648 961 720 in
980 668 1108 739 cruce,
1132 645 1221 719 srcut
1230 646 1337 721 dicit:

287 742 372 819 Tota
391 749 440 817 die
459 747 593 839 expandi
615 771 728 817 manus
746 772 826 817 meos
844 749 886 819 nd
900 735 1046 841 populum
1067 769 1132 817 non
1147 748 1339 851 credentem,

283 842 323 922 u
341 851 601 917 contradicentem
619 848 709 918 milti.
761 846 852 920 Non
871 860 910 918 te
926 866 1013 942 ergo
1030 845 1131 919 aliter
1144 846 1339 939 timebunt,

283 965 354 1020 nec
370 945 472 1018 aliter
487 958 623 1019 tremor
637 959 718 1020 tuus
739 946 865 1020 veniet
881 946 983 1039 super
1006 966 1093 1043 eos,
1118 943 1340 1042 nisrvideant

279 1043 323 1117 'in
337 1058 375 1116 te
389 1064 532 1118 crucem
548 1044 698 1139 Christi,
724 1046 786 1119 nist
806 1043 840 1117 dr
864 1060 905 1116 tu
920 1046 1057 1138 poteris
1078 1044 1216 1117 dicere:
1242 1045 1339 1115 Mihi

283 1161 390 1215 autem
409 1144 486 1239 elisit
502 1144 662 1238 gloriari,
693 1147 755 1241 niji
777 1150 815 1215 in
837 1168 926 1216 cruce
948 1148 1083 1217 Domini
1103 1146 1184 1240 Jesu
1202 1144 1340 1241 Christi,

279 1264 338 1342 per
352 1269 441 1342 quem
456 1246 541 1314 miti
554 1247 690 1315 mundus
706 1248 873 1334 crucifixus
888 1244 928 1341 efl
937 1290 950 1325 ,
974 1241 1013 1321 (i
1034 1269 1083 1338 ego
1100 1244 1225 1314 mundo.

359 1365 394 1439 9.
417 1346 524 1414 ’Fiant
545 1362 699 1443 tanquam
721 1345 803 1441 Iopis
826 1347 922 1416 donec
946 1347 1097 1430 mandat*
1113 1344 1243 1439 populus
1265 1357 1341 1413 tuus

286 1446 445 1529 Mine,
470 1445 560 1513 donec
580 1446 722 1532 transeat
731 1446 863 1543 populus
879 1459 954 1515 tuus
970 1444 1041 1527 hit,
1066 1466 1155 1540 quem
1178 1440 1341 1539 acqutsssst.

284 1538 381 1617 Fieri
395 1556 561 1633 tanquam
576 1542 751 1636 lapidem,
777 1564 854 1616 non
876 1541 927 1617 est
946 1556 1071 1615 natura
1087 1539 1162 1640 elie,
1176 1540 1342 1634 lapidem.

238 1734 239 1738 Ν
287 1638 379 1713 Non
398 1641 493 1714 enim
511 1638 635 1736 fieret,
660 1643 723 1716 nist
741 1642 839 1734 quod
857 1662 936 1715 non
954 1655 1040 1716 erat.
1089 1641 1175 1715 Hoc
1191 1653 1342 1736 propter

238 1741 241 1746 ’
285 1740 369 1816 illus
388 1740 556 1832 dicimus,
583 1743 643 1833 qui
661 1742 759 1816 malae
776 1756 909 1814 naturae
928 1740 1175 1832 Pharaonem,
1202 1741 1264 1816 vel
1277 1736 1343 1812 AE·

286 1840 433 1936 gyptius
456 1838 580 1912 dicunt
600 1840 723 1933 fuisse,
751 1839 883 1913 vernon
898 1862 944 1914 ex
962 1839 1097 1913 arbitrii
1116 1840 1283 1913 libertate
1303 1838 1344 1914 in

286 1940 361 2011 hoc
377 1937 446 2011 elle
460 1939 651 2027 dedudtos3
677 1939 734 2011 sed
748 1939 781 2012 dr
794 1954 945 2032 propter
956 1960 1039 2030 eos,
1059 1935 1124 2030 ‘qu'i
1140 1949 1343 2013 creatorem

287 2034 409 2110 Deum
427 2036 590 2112 accusant
605 2053 771 2131 tanquam
787 2038 937 2134 saevum,
965 2037 1062 2129 quod
1077 2037 1240 2112 homines
1261 2056 1343 2118 ver-

287 2150 342 2210 tat
355 2137 393 2208 in
406 2136 552 2230 lapides.
579 2138 626 2211 Hi
647 2159 735 2235 ergo
755 2140 957 2231 priusquam
973 2136 1238 2231 blasphement,
1256 2158 1345 2210 con·

286 2236 442 2320 fiderent
462 2234 592 2311 summa
614 2238 826 2332 libratione,
859 2251 935 2330 quae
957 2237 1086 2331 scripta
1110 2236 1201 2312 sunt.
1251 2233 1345 2312 Non

291 2334 385 2407 enim
402 2335 512 2429 dixit,
540 2340 642 2408 Fiant
663 2354 815 2439 tanquam
833 2338 938 2433 lapis,
972 2338 1004 2408 u
1020 2338 1154 2428 tacuit,
1180 2334 1238 2409 sed
1255 2351 1345 2411 tern-

290 2454 357 2530 pus
377 2432 519 2526 statuit,
555 2435 590 2507 ἁ
613 2436 808 2511 mensuram
836 2436 1147 2508 condemnationis
1171 2434 1344 2510 decernit.

289 2531 358 2604 Ait
383 2533 499 2607 enim:
528 2537 635 2621 Donec
659 2536 800 2623 transeat
819 2534 948 2627 populus
967 2553 1040 2603 tuus
1063 2537 1209 2606 Domine.
1257 2536 1345 2633 Quo

290 2628 426 2704 scilicet
444 2629 527 2723 post
543 2631 725 2706 transitum
745 2634 872 2725 populi
891 2640 967 2705 non
987 2631 1054 2706 srnt
1072 2643 1239 2721 tanquam
1260 2630 1346 2723 lapi·

291 2728 366 2802 des.
418 2728 461 2801 In
486 2749 560 2820 quo
580 2731 666 2805 milri
681 2731 827 2805 videtur
847 2732 1045 2828 prophetie
1066 2729 1195 2821 aliquid
1220 2729 1345 2803 latere.

290 2826 415 2902 Video
438 2829 532 2902 enim
555 2830 637 2919 quia
652 2832 753 2924 prior
774 2831 951 2925 populus,
984 2829 1043 2922 qui
1062 2828 1131 2923 suit
1154 2841 1237 2901 ante
1255 2848 1348 2922 nos,

291 2925 404 3002 fantis
427 2926 477 3001 est
495 2935 662 3021 tanquam
679 2931 766 3022 lapis
788 2928 947 3002 durus&
961 2926 1174 3003 incredulus.
1207 2929 1348 3002 Verum

291 3047 369 3101 non
386 3040 554 3121 eatenus,
578 3041 620 3101 ut
633 3029 669 3102 in
682 3029 806 3121 lapidis
819 3041 946 3110 natura
960 3039 1185 3122 permaneat,
1212 3024 1348 3099 seddo-

291 3148 362 3201 nec
376 3123 529 3197 transeat
545 3131 699 3221 populus
716 3129 796 3216 hiet
822 3129 977 3220 populus
988 3128 1071 3219 hic,
1096 3145 1201 3217 quem
1218 3125 1349 3198 Domi·

264 3298 266 3303 .
291 3246 360 3299 nus
377 3224 562 3315 acquistvit
580 3281 592 3321 ,
621 3230 749 3300 Caecitm
766 3227 859 3301 enim
881 3252 925 3298 ex.
932 3244 1026 3325 parte
1045 3232 1179 3319 contigit
1196 3229 1232 3295 in
1249 3224 1348 3314 Israel

293 3323 486 3398 secundum
505 3344 667 3418 carnem,
691 3328 784 3398 donec
797 3326 958 3423 plenitudo
970 3333 1112 3419 gentium
1124 3326 1348 3413 ,subintroiret
1368 3395 1375 3412 „

296 3420 388 3495 Cum
422 3424 515 3510 enim
548 3426 737 3517 plenitudo
767 3426 925 3524 gentium
957 3424 1227 3512 subintraverit,
1259 3439 1349 3498 tunc
1438 3409 1444 3438 '

295 3523 404 3596 etiam
427 3523 552 3596 omnis'
569 3523 701 3617 lsrael,
728 3527 788 3617 qui
812 3545 877 3622 per
902 3524 1159 3597 incredulitatis
1183 3524 1349 3599 duritiam

295 3618 409 3695 sadltts
435 3621 554 3694 suerat
570 3624 659 3697 ficut
679 3626 788 3718 lapis,
821 3623 1023 3699 salvabitur.
1075 3620 1124 3695 Et
1144 3624 1199 3696 vis
1221 3621 1349 3710 videre

296 3718 484 3811 quomodo
506 3718 723 3797 salvabitur?
757 3727 872 3797 Potens
893 3724 949 3823 ost,
974 3722 1112 3814 inquit,
1138 3728 1226 3795 Deos
1244 3723 1279 3791 de
1297 3722 1349 3791 la·

290 3820 418 3928 pisitur
434 3819 496 3915 istis
510 3821 661 3909 [usitare
673 3825 764 3913 filim
781 3824 929 3897 atrata.
979 3815 1131 3896 Manent
1152 3841 1239 3915 ergo
1261 3819 1348 3912 lapi·

283 3918 488 4011 deinum,
514 3918 632 4001 donec
647 3922 799 3996 transeat
812 3923 1061 4016 populustuus
1074 3920 1254 4009 Domine,
1281 3937 1349 4009 po·

261 4066 264 4074 .
293 4015 400 4113 pulus
416 4031 499 4090 tuus
516 4018 598 4114 hic,
609 4043 722 4113 ,quem
737 4019 918 4115 acquifisti.
950 4018 1019 4094 Sed
1036 4021 1061 4095 st
1077 4016 1151 4113 ipse
1165 4017 1353 4092 Dominus

348 4121 495 4215 Originis
524 4116 612 4194 Ten.
641 4124 683 4199 V.
930 4116 997 4194 Cc
1041 4215 1046 4219 ι
1204 4135 1301 4190 crea-
