3417 4692
365 433 447 534 sss,
666 343 1094 524 onrnurus
1143 372 1173 532 f

361 611 447 671 nem
462 591 496 664 dr
509 590 733 689 sanguinem,
758 593 816 670 sed
836 593 1003 697 adversus
1024 595 1243 687 principatus
1266 591 1426 684 &pote-

362 691 470 771 states
486 692 555 785 ,'&
573 693 740 774 adversus
760 696 880 776 mundi
898 695 1001 788 hujus
1018 692 1175 768 restores
1191 693 1445 796 tenebrarum,

362 791 498 866 herum.
548 795 708 874 flamines
727 796 823 870 enirn
840 819 952 866 menen
975 795 1014 893 est
1033 796 1106 888 idi,
1133 792 1260 880 &non
1280 789 1333 864 est
1350 793 1428 864 ulla

364 903 547 983 creatura,
574 893 674 985 culus
701 893 882 968 Dominus
898 895 976 969 no'n
1003 895 1057 971 lit
1137 977 1141 986 ,

383 1055 387 1064 .
439 1009 460 1083 3
486 992 667 1086 Quadrigas
689 987 888 1082 Pharaonis,
914 995 952 1072 U
972 995 1225 1090 exercitumrjur
1237 992 1368 1088 projecit
1385 992 1428 1066 irs

364 1111 461 1166 marr.
503 1087 628 1168 uanos
644 1092 838 1181 ascensores,
869 1109 973 1174 tonos
990 1095 1125 1192 fictores
1145 1092 1282 1182 demerfir
1310 1097 1349 1159 irs
1369 1111 1430 1160 ru·

366 1189 456 1266 erue
482 1209 576 1263 mne.
626 1191 764 1266 Pharao
790 1194 893 1268 velut
912 1195 1101 1292 potentior
1127 1193 1165 1266 in
1191 1190 1353 1279 malitia,
1388 1187 1427 1262 dr

363 1307 513 1384 regnum
528 1290 695 1382 nequitis
710 1305 851 1384 tenens,
866 1294 1049 1390 quadrigas
1060 1293 1142 1389 agit
1167 1289 1257 1366 Non
1273 1289 1324 1366 illi
1339 1285 1424 1360 satis

365 1386 418 1462 est
439 1408 549 1470 unum
571 1409 700 1480 equum
724 1389 943 1484 ascendere,
969 1392 1028 1466 sed
1048 1393 1167 1485 plures
1189 1387 1288 1462 simul
1310 1387 1426 1482 plagis

364 1495 488 1562 tortos
510 1491 671 1562 verberis
691 1494 802 1586 cogit,
842 1490 1097 1590 Quoscumque
1114 1489 1246 1564 viduis
1263 1490 1302 1572 in
1318 1488 1433 1558 luxu·-

362 1587 417 1660 ria
439 1587 649 1680 turpiores,
680 1591 717 1664 in
741 1590 953 1666 crudelitate
980 1589 1178 1682 saeviores,
1211 1589 1251 1668 in
1272 1584 1427 1684 auaritia

364 1686 559 1780 tetriores,
594 1687 629 1770 iu¹
653 1690 837 1781 impietate
862 1691 1133 1784 flagitiosiores,
1167 1686 1258 1764 scito
1282 1685 1351 1758 hos
1376 1683 1426 1758 de

364 1785 540 1880 quadrigis
565 1784 633 1872 elle
656 1789 883 1883 Pharaonis,
916 1790 995 1883 ipsis
1023 1787 1147 1881 sedet,
1183 1784 1279 1880 ipsos
1300 1783 1444 1870 curru,

362 1883 427 1959 suo
445 1884 643 1980 subiungit,
669 1890 706 1961 in
720 1889 798 1982 ipfis
817 1888 932 1984 sertus
952 1889 1075 1982 &per
1087 1900 1233 1982 apertos
1249 1881 1442 1984 scelerum

363 2005 510 2077 campos
540 1984 656 2064 effusis
683 2009 747 2060 eos
774 1989 846 2084 agit
866 1989 1022 2064 habenis.
1073 1983 1218 2061 Sunt&
1242 1983 1300 2056 alii
1318 1977 1425 2060 electi

364 2082 587 2176 ascensores,
606 2085 790 2160 eledisme
802 2087 914 2166 dubio
927 2089 975 2168 ,ad
995 2087 1175 2170 malitiam,
1202 2081 1272 2156 Sed
1284 2083 1357 2175 jam
1374 2077 1438 2166 de.

362 2180 604 2260 ascensoribus
626 2180 728 2277 supra
744 2186 893 2264 diximus
908 2210 917 2260 r
943 2207 1039 2258 nunc
1054 2183 1235 2276 etiamqui
1254 2179 1334 2258 sunt
1350 2195 1424 2252 ter,

364 2281 402 2360 ui
422 2279 594 2374 statores,
622 2283 816 2359 videamus.
867 2285 960 2360 Mihi
974 2286 1143 2358 videntur
1160 2281 1252 2358 terni
1270 2277 1428 2356 statores

360 2402 431 2477 pro
446 2401 492 2452 eo
505 2381 595 2474 dici,
622 2384 720 2473 quod
734 2387 863 2476 triplex
880 2383 931 2458 est
944 2386 1146 2458 hominibus
1160 2379 1332 2475 peccandi
1349 2378 1422 2460 via..

362 2478 441 2564 Aut
459 2482 605 2558 enimin
625 2481 746 2576 sasso,
772 2495 834 2556 aut
852 2485 888 2555 in
907 2483 1026 2576 disto,
1060 2500 1120 2556 aut
1141 2484 1177 2556 in
1200 2480 1425 2575 cogitatione

362 2595 547 2676 peccatur,
579 2579 629 2656 Et
643 2583 725 2655 ideo
740 2586 833 2656 terni
847 2581 998 2656 statores
1014 2604 1078 2676 per
1092 2582 1245 2676 singulos
1262 2575 1426 2669 quosque

362 2682 550 2771 deusne,
577 2683 635 2773 qui
664 2696 737 2758 tres
755 2681 834 2758 istas
854 2683 1014 2772 innubis
1039 2679 1210 2776 peccandi
1237 2677 1425 2750 obfideant

360 2783 463 2873 uias,
489 2778 762 2874 &speculentur
780 2782 936 2875 semper,
963 2799 1068 2873 atque
1084 2782 1121 2854 in
1140 2777 1268 2853 insidiis
1292 2790 1422 2870 agant,

360 2894 403 2967 ut
417 2890 479 2951 sut
492 2881 551 2952 ille
568 2901 612 2952 ex
629 2880 755 2960 misero
769 2880 915 2955 homine
929 2879 1126 2956 sermonem
1142 2880 1270 2954 malum
1286 2875 1422 2968 eliciat,

363 2993 425 3056 aut
440 2978 500 3054 ille
519 2978 679 3070 iniquum
699 3000 791 3072 opus
810 2994 1045 3070 extorqueat,
1072 2980 1211 3078 sutile
1228 2975 1419 3066 cogitatio·

360 3077 765 3172 nempeffimamrapiat.
791 3077 1136 3171 Denique&semen
1147 3077 1250 3149 verbi
1264 3074 1347 3155 Dei,
1357 3073 1422 3148 ubi

361 3178 684 3273 cadindrdeperit,
694 3180 824 3272 triplex
842 3178 1049 3253 describitur
1059 3179 1174 3252 locus.
1199 3175 1306 3252 -Unus
1318 3171 1420 3246 secus

360 3277 458 3370 viam
473 3275 643 3369 refertur,
657 3278 716 3369 qui
728 3281 964 3356 conculcatur
978 3280 1021 3354 ah
1034 3276 1259 3361 homininum
1280 3271 1368 3346 alins
1379 3271 1420 3350 in

359 3373 584 3470 spinis;aliur
595 3377 632 3447 in
640 3377 802 3468 petroso.
827 3376 877 3453 Et
886 3378 1095 3456 econtrario
1105 3375 1306 3460 terrabona
1315 3369 1420 3445 affer·

360 3498 401 3560 re
414 3475 542 3560 dicitur
555 3476 731 3568 triplicem
747 3475 921 3570 frustum,
944 3480 1006 3550 vel
1024 3475 1272 3562 centesrmum,
1293 3469 1353 3544 v'el
1371 3468 1423 3544 sc·.

357 3573 583 3670 xngefimum,
605 3575 899 3664 veltricesrmum
925 3575 961 3660 T
962 3579 1236 3669 riplexnnmque
1246 3569 1297 3646 est
1310 3570 1426 3656 etiarn

357 3678 453 3761 bene
467 3673 591 3770 agendi
604 3676 684 3766 via,
702 3675 933 3758 nihilominus
952 3678 1046 3750 enirn
1056 3675 1117 3750 vel
1134 3693 1259 3766 opere,
1277 3671 1339 3742 vel
1357 3689 1421 3742 co·.

357 3774 532 3874 gitatione
551 3775 609 3850 vel
635 3774 751 3857 verbo
775 3771 865 3850 boni
885 3774 1016 3868 aliquid
1037 3775 1162 3869 agitur.
1212 3771 1298 3848 Hoc
1322 3768 1420 3842 enim

360 3869 531 3982 'significat
549 3873 583 3946 dr
601 3871 820 3965 Apostolus,
845 3895 924 3961 oum
941 3875 1045 3958 dicite
1079 3875 1150 3966 Qui
1165 3887 1271 3952 aurem
1286 3871 1421 3958 edificat

353 3973 787 4080 [spassandamantumlroc,
812 3999 945 4058 aarum,
969 3987 1153 4066 argentum,
1179 3973 1419 4064 lapidrrprerr'r·

343 4073 417 4185 su,
444 4072 619 4170 triplicem
638 4073 817 4164 bonorum
840 4071 1001 4163 indicans
1018 4075 1124 4160 viam
1156 4066 1348 4241 Subiufcit
1366 4067 1419 4142 ni·

297 4197 313 4223 ¹
1227 4166 1367 4243 hiomi·
