3417 4692
376 411 451 528 ,ρο
557 357 613 380 ”
702 415 1115 542 onrnnurs

297 4147 334 4223 ῑ

272 631 281 658 1
376 597 437 662 tut
448 583 492 658 ad
500 581 647 682 Judam:
674 581 815 656 constat
823 584 917 660 enim
928 541 1039 676 usque¹
1048 582 1090 654 ad
1099 580 1324 656 nativitatem
1338 575 1441 652 Chri·

373 685 416 762 sti
432 705 509 758 non
526 681 691 758 defecisse
708 683 889 777 principes
903 705 948 766 ex
961 701 1092 782 genere
1105 682 1225 780 Judae,
1246 701 1315 752 nec
1329 679 1441 752 duces

375 775 422 880 de
441 783 638 858 femoribus
656 782 732 874 ejus
753 779 861 876 usque
877 783 922 856 ad
936 783 1122 858 Herodem
1144 801 1287 876 regem,
1311 779 1370 869 qui
1390 779 1441 852 se·

255 923 259 930 ·
375 882 533 968 eundum
542 882 698 956 historiae
706 878 835 977 fidem,
854 902 957 975 quam
967 883 1143 978 Josephus
1155 875 1294 971 scribit,
1316 877 1440 951 alieni·

374 997 468 1083 gena
483 977 610 1076 fuisse,
636 980 672 1080 ¹&
689 1001 755 1076 per
774 982 1007 1056 ambitionem
1019 981 1057 1054 in
1070 1000 1219 1078 regnum
1232 979 1441 1073 Judaeorum

375 1081 506 1158 dicitur
520 1078 710 1175 irrepfilse,
724 1079 839 1156 statim
854 1101 962 1177 ergo,
981 1096 1023 1154 ut
1035 1079 1247 1154 hocfaunm
1259 1078 1329 1172 est,
1351 1079 1440 1152 &ut

374 1177 593 1260 desecitdux
609 1180 864 1256 defemoribus
882 1182 1002 1277 Judae,
1021 1182 1172 1254 advenit
1185 1181 1266 1270 ille,
1287 1179 1344 1248 cui
1358 1191 1439 1250 erat

372 1277 524 1378 regnum
538 1279 743 1374 repositum.
770 1277 810 1354 In
828 1302 902 1373 quo
921 1281 1109 1374 quomodo
1129 1301 1254 1376 gentes
1273 1277 1437 1370 sperent,

264 1461 268 1472 ,
371 1371 564 1478 Evangelii
580 1377 669 1452 fides
689 1377 722 1452 ἃ
741 1380 968 1455 ecelefiarum
985 1380 1096 1454 docet
1110 1379 1336 1474 propagatio,
1363 1376 1438 1450 Re·

371 1479 488 1575 polita
508 1493 628 1554 autem
648 1478 815 1554 dicuntur
830 1502 895 1564 ea,
935 1501 1013 1573 quae
1036 1492 1250 1574 opportuno
1269 1481 1447 1568 tempore

371 1574 592 1674 proferenda
606 1575 697 1654 sunt.
722 1579 868 1654 Sicut&
884 1577 1042 1656 Christus
1053 1581 1090 1653 in
1107 1577 1215 1652 finem
1226 1575 1438 1652 saeculorunr

357 1669 707 1770 alvernensem,
721 1700 802 1754 cum
819 1679 906 1754 dicit
916 1677 1138 1775 Apostolus:
1165 1679 1242 1750 Ecce
1256 1702 1341 1746 nunc
1356 1694 1438 1746 rena·

364 1771 431 1878 p'us
444 1779 645 1875 acceptabile,
664 1774 799 1852 scilicet
807 1778 850 1854 ad
860 1778 1007 1854 salutem
1019 1779 1185 1876 gentibus
1199 1775 1435 1854 inserendam.

369 1879 408 1952 Si
423 1898 517 1953 vero
538 1879 615 1970 quis
630 1879 668 1950 in
684 1880 852 1953 omnibus
869 1880 991 1976 cupiat
1007 1879 1146 1952 cursum
1164 1877 1351 1967 utriusque
1373 1896 1438 1948 ex·

368 1977 558 2072 positionis
576 1991 718 2069 aptare,
732 1975 852 2070 potest
860 1993 1078 2072 extorquere
1091 1977 1256 2068 sortallir,
1268 1991 1310 2050 ut
1324 1976 1436 2052 etiam

370 2069 418 2151 de
432 2075 572 2150 Christo
582 2077 659 2150 haec
671 2076 745 2149 hoc
758 2076 873 2150 modo
883 2077 1247 2172 videanturintelligi:
1272 2075 1436 2168 quianon

368 2176 487 2266 descire
497 2178 639 2274 princeps
653 2201 690 2246 ex
707 2177 820 2272 Juda,
836 2173 958 2271 idest,
976 2177 1105 2269 hicqui
1114 2175 1197 2270 post
1207 2173 1435 2274 resurrebiio·

367 2295 452 2350 nem
469 2274 544 2367 eJus
564 2271 799 2351 Ecclesrarum
818 2276 985 2372 princeps
1005 2277 1203 2350 ordinatur.
1246 2277 1293 2348 Er
1310 2277 1375 2345 lux
1396 2280 1435 2348 le

361 2372 629 2470 semoribusejus.
656 2373 779 2448 Duces
794 2375 940 2468 quoque
958 2371 1239 2450 Christianorum
1259 2375 1303 2448 de
1316 2373 1435 2448 femo-

366 2473 465 2547 ribus
482 2471 608 2548 Christi
627 2474 698 2548 hoc
711 2476 824 2549 modo
842 2492 1014 2570 exponet.
1041 2475 1208 2550 Membra
1216 2473 1344 2548 Christi
1361 2473 1434 2550 else

367 2569 456 2646 dicit
467 2569 665 2668 Apostolus
677 2570 1002 2670 fidelempopulum
1018 2576 1090 2650 fine
1102 2575 1213 2649 dubio
1230 2573 1434 2668 spiritaliter

365 2671 609 2769 intelligenda.
658 2671 808 2746 Possunt
824 2696 912 2772 ergo
932 2672 966 2748 &
981 2674 1120 2749 femora
1139 2676 1214 2767 ejus
1230 2671 1434 2769 spiritaliter

364 2771 547 2845 intelletia
559 2772 717 2845 indicare
733 2793 821 2864 eoa,
840 2774 899 2866 qui
913 2794 982 2870 pro
999 2772 1214 2847 firmitate&
1231 2772 1434 2848 constantia

364 2869 592 2946 fortitudinis
604 2893 713 2944 omne
727 2890 860 2967 corpus
875 2873 1030 2947 ecclefiae
1046 2873 1239 2947 sustentare
1259 2874 1433 2946 videntur

365 2967 519 3045 &ferre
553 2969 625 3044 Vel
637 2972 871 3063 quiahumani
886 2971 1023 3046 seminis
1040 2974 1210 3047 indicium
1227 2970 1320 3045 solet
1329 2972 1365 3046 in
1379 2971 1434 3047 fe-

363 3090 506 3145 morum
522 3072 764 3164 appellatione
779 3068 976 3167 figuraliter
987 3072 1077 3165 dici,
1098 3073 1192 3167 apud
1206 3093 1274 3144 nos
1286 3088 1431 3172 autem,

363 3172 424 3259 qui
441 3171 606 3261 seminat,
624 3170 778 3243 verbum
793 3170 961 3244 seminatt
974 3186 1153 3265 poterunt
1162 3192 1249 3268 ergo
1260 3173 1320 3263 qui
1329 3173 1433 3248 mini·

360 3264 507 3341 sterinm
518 3270 619 3341 verbi
632 3270 798 3344 beclesrae
817 3270 1011 3364 exhibent,
1038 3273 1082 3345 de
1094 3269 1431 3348 Christiiemoribus

360 3363 515 3463 intelligi
525 3366 647 3457 duces,
657 3387 845 3461 usquequo
857 3369 1020 3458 veniant,
1030 3367 1370 3465 quaereposrtasunt.
1380 3371 1433 3446 Et

359 3464 545 3539 videbitur
557 3465 606 3539 ita
617 3468 716 3559 posse
732 3468 904 3566 intelligi,
920 3469 1019 3562 quod
1033 3468 1142 3564 usque
1156 3471 1198 3544 ad
1210 3468 1431 3545 eonsumma-

358 3561 500 3639 tionem
523 3564 636 3640 saecnli
656 3588 739 3641 non·
752 3568 905 3642 deerunt
922 3567 976 3641 isti
993 3570 1123 3662 duces,
1141 3570 1260 3644 donec
1278 3572 1432 3645 veniant

246 3745 252 3759 ,
359 3687 423 3754 ea,
447 3686 524 3757 quae
539 3665 695 3758 repofita
713 3661 816 3762 sunt,
832 3687 909 3762 quae
925 3674 1142 3764 praeparavit
1156 3671 1258 3742 Deus
1270 3669 1346 3761 his,
1369 3673 1430 3764 qui

358 3765 512 3858 diligunt
525 3787 618 3840 eum.
647 3767 696 3838 Er
709 3769 845 3863 ipjirrlr
861 3765 1046 3864 exspeslarlo
1057 3778 1219 3864 gentium,
1238 3771 1275 3841 in
1296 3771 1353 3844 die
1367 3770 1431 3842 sci·

355 3862 444 3937 licet
454 3865 597 3957 iudicii,
617 3887 696 3938 cum
713 3885 838 3940 omnes
855 3884 981 3964 gentes
994 3871 1166 3963 &populi
1185 3866 1362 3943 Christum
1372 3870 1430 3964 ju·

356 3963 471 4035 dicem
491 3967 527 4037 in
547 3984 689 4056 pavore
715 3966 857 4062 cordis,
885 3965 919 4041 u
942 3982 1102 4043 tremore
1121 3967 1350 4044 conscientie
1368 3989 1429 4044 ex·

351 4061 571 4157 speslabunt,

1242 4188 1276 4259 7.
1294 4169 1382 4243 Alli.
