3417 4692
292 307 299 318 ’
406 379 410 383 ·
491 319 1193 447 s-unncrnmouune'ru.
1219 347 1261 443 “.
1309 343 1418 468 12:71

368 537 627 629 Prr‘mogenr'tus
645 531 768 630 Jacob,
795 531 924 618 Rubra,
952 527 1040 628 δια]
1067 527 1271 626 Cumsupra
1285 527 1384 606 dixe-

316 638 366 710 rit
387 633 456 709 effe
475 633 622 708 nomina
647 630 803 707 filiorum
821 631 949 726 lsrael,
984 651 1081 707 nunc
1097 629 1147 706 a'it
1167 629 1299 729 Jacobi
1313 631 1385 728 pri·

316 735 544 833 mogenitum
563 731 632 808 effe
648 733 790 808 Ruben.

397 831 569 930 diuitum]
598 830 872 908 Observandum
892 829 944 906 est
957 832 1048 905 natis
1073 829 1223 906 interra
1242 827 1384 912 Chana·
1454 881 1465 902 .

319 935 375 1009 am
390 932 471 1007 filiis
490 934 626 1030 Jacob,
653 935 874 1006 adnumerari
898 933 1005 1006 etiam
1030 928 1125 1024 ipsos
1154 933 1192 1004 in
1215 927 1383 1028 AEgypto

315 1049 422 1108 natos
444 1029 540 1106 filios
554 1029 697 1129 Joseph.
750 1031 1039 1132 Consentaneum
1057 1030 1151 1103 enim
1165 1031 1239 1104 hoc
1254 1031 1305 1105 est
1324 1032 1383 1126 iis,

318 1153 396 1225 quae
411 1132 503 1206 infra
521 1129 741 1206 circahnem
756 1132 845 1206 dista
865 1133 962 1206 sunt:
987 1135 1062 1204 Mei
1071 1133 1153 1220 sunt
1172 1131 1328 1227 Ephraim
1344 1135 1385 1209 Θ*

313 1231 501 1324 Mauaffis,
517 1235 600 1328 ficut
624 1234 737 1305 Ruben
756 1237 794 1309 U
818 1238 955 1305 Simeon.

394 1334 443 1406 Ετ
463 1334 550 1407 dixit
580 1332 678 1422 lsrael
702 1335 742 1405 ad
769 1333 912 1432 Jojeph:
945 1337 1064 1405 moriar
1087 1331 1211 1413 amodo,
1236 1333 1387 1425 queniam

317 1433 391 1504 vidi
401 1431 520 1525 faciem
544 1448 643 1503 ruam.
694 1435 806 1506 Adhuc
827 1439 913 1504 enim
934 1437 1053 1524 uiuit]
1077 1425 1284 1506 Mirandum
1297 1426 1386 1502 illud

318 1531 370 1614 est
389 1553 491 1625 eum,
511 1533 572 1624 qui
588 1530 699 1606 fuerit
717 1532 755 1604 in
773 1529 959 1629 AEgypto‚
984 1529 1100 1606 laesum
1117 1549 1194 1604 non
1216 1525 1318 1602 fuiffe
1339 1530 1385 1601 ab

302 1629 501 1729 AEgyptiis
523 1631 557 1705 δι
575 1631 732 1707 manfiffe
751 1633 788 1704 in
806 1654 870 1726 ea,
892 1635 968 1724 quae
986 1628 1179 1705 secundum
1196 1626 1316 1702 Deum
1332 1625 1386 1702 est

316 1732 407 1805 vita.
458 1734 707 1831 Quamobrem
720 1733 868 1807 miratus
880 1731 996 1826 Jacob
1012 1732 1102 1807 dixit
1114 1726 1294 1829 Josepho:
1318 1729 1387 1812 Ad·

319 1832 384 1901 huc
403 1836 487 1902 euim
504 1838 607 1907 vivis.
1238 1865 1241 1871 ·

394 1931 531 2030 Pastum
548 1929 654 2003 ouium
663 1929 814 2018 servitui
827 1931 869 2004 ab
884 1930 1034 2020 infautia
1048 1927 1141 2027 usque
1156 1931 1242 1999 τ’ττττττ
1253 1980 1264 2006 .
1275 1978 1305 2000 .-
1321 1930 1387 2000 Di-

318 2045 438 2102 xerunt
453 2047 560 2102 aurem
581 2034 764 2105 Pharaoni:
788 2033 829 2103 ad
842 2032 1112 2130 peregrinandum
1134 2033 1170 2099 iu
1189 2044 1276 2100 terra
1291 2032 1387 2098 vmi-
1469 2077 1473 2088 .

317 2135 416 2222 mun]
442 2133 574 2203 Libere
588 2129 809 2226 profitentur
829 2153 951 2208 coram
975 2131 1162 2205 Pharaone
1179 2125 1215 2202 se
1238 2125 1307 2201 effe
1325 2148 1386 2222 pa·

317 2230 446 2305 stores.
497 2229 640 2304 Deinde
657 2251 704 2304 ne
721 2232 888 2305 turbetur
904 2231 1072 2326 Pharao,
1098 2231 1220 2304 aiunt:
1245 2230 1297 2301 Aa
1311 2249 1388 2326 per·

320 2328 525 2425 egrinandum
540 2336 577 2401 in
590 2347 679 2404 terra
693 2337 853 2409 venimus.

315 2453 317 2458 ·
398 2432 499 2501 Dixit
520 2432 646 2503 Pharao
666 2432 706 2502 ud
726 2427 736 2444 ²
764 2433 875 2524 oleph:
899 2430 1045 2503 habitem
1073 2434 1112 2500 iu
1136 2425 1224 2500 terra
1249 2426 1387 2521 Gesem]

321 2529 624 2630 Quandoquidem
642 2531 679 2602 in
696 2433 905 2625 TZtsaplis‚
940 2531 1037 2604 unde
1063 2528 1244 2622 exemplar
1265 2524 1402 2606 secum.

322 2629 408 2701 dum
428 2627 550 2703 seriem
575 2629 733 2703 hebraici
749 2631 964 2721 aliarumque
988 2630 1187 2702 editionum
1205 2624 1389 2700 nanuum-

322 2741 402 2800 tum
419 2725 493 2822 est,
519 2728 739 2821 ostenditur,
765 2725 986 2825 septuaginta
999 2729 1238 2819 interpretum
1259 2726 1389 2798 editio·

322 2847 406 2899 nem
433 2829 571 2920 aliquot
589 2831 626 2902 in
650 2827 741 2901 locis
761 2825 1006 2920 transpohtam
1024 2824 1154 2920 fuiiie,
1178 2828 1228 2897 ita
1251 2838 1293 2897 ut
1310 2845 1389 2915 quae

322 2926 446 3020 priora
459 2942 581 3022 erant,
606 2925 804 3025 posterius3
831 2947 910 3019 quae
933 2925 1153 3020 posteriora,
1179 2924 1276 3019 prius
1291 2925 1389 2996 loca·

320 3038 468 3101 rentur:
497 3025 597 3121 quod
614 3029 687 3105 hoc
702 3028 809 3100 etiam
826 3028 914 3099 loco
928 3026 990 3121 ipsr
1006 3024 1169 3099 accidiise
1190 3023 1389 3118 deprehen·

309 3125 441 3198 ditur:
465 3127 550 3201 ideo
574 3147 699 3200 veram
721 3124 845 3201 seriem
872 3127 933 3200 hic
957 3124 1207 3221 apposuimus,
1240 3144 1318 3216 quae
1340 3122 1388 3196 irc

321 3222 444 3300 habet.
470 3227 537 3300 His
558 3228 702 3300 verbis:
732 3225 959 3298 Habirabimus
975 3231 1070 3324 pueri
1091 3232 1143 3297 rui
1163 3229 1302 3296 interra
1326 3227 1401 3304 Ge„

313 3323 405 3413 sem,
429 3322 650 3424 subjungitur
666 3325 774 3424 illud,
800 3329 888 3399 dixit
900 3343 1007 3399 autem
1026 3328 1152 3399 Pharao
1167 3326 1303 3423 Joseph:
1326 3327 1388 3396 ha·

323 3423 493 3596 diremptio
519 3442 609 3499 terra
630 3427 746 3517 Gesem.
798 3429 839 3500 Si
856 3443 963 3500 aurun
980 3434 1130 3519 nouerim
1159 3427 1238 3526 quod
1253 3425 1325 3526 fiut
1347 3431 1386 3496 τ”ττ

324 3548 388 3613 ers,
451 3546 482 3597 c.

313 3619 315 3624 ’
385 3649 387 3654 ’
400 3627 441 3695 Si
455 3639 561 3696 autem
573 3626 704 3697 τττττττὶτ
718 3625 800 3723 quod
811 3625 885 3719 fin?
899 3630 937 3702 iu
956 3625 1134 3719 auferres,
1159 3625 1305 3721 constitue
1320 3626 1388 3694 iilos

318 3726 634 3821 principes-pecorum
652 3723 818 3813 meorum]
867 3721 1000 3800 Fortes
1019 3723 1124 3800 Israel
1147 3726 1227 3798 vult
1248 3722 1387 3800 Pharao

324 3823 503 3918 principes
528 3822 696 3898 constitui
724 3819 983 3922 AEgyptiorum
1010 3845 1196 3919 pecorum.
1246 3823 1283 3896 Si
1310 3825 1387 3915 quis

323 3935 446 4001 autem
460 3925 499 3998 in
515 3921 620 4000 lsrael
632 3923 738 3999 fortis
757 3922 829 4022 est,
853 3925 969 4025 'fugiat
983 3924 1112 4002 horum
1131 3922 1329 4028 confilium.

1456 4121 1480 4284 τ
