3417 4692
385 356 458 442 cm
587 339 592 346 ’
703 335 1129 430 ouiueuro
1263 355 1266 362 ·

383 519 473 605 ergo
490 503 598 582 senex
613 502 777 583 emortui
783 509 854 602 jam
868 509 1034 603 corporis
1048 507 1229 582 Abraham
1248 504 1443 586 cethuram

329 685 331 691 ,
382 629 547 682 uxorem.
574 606 653 705 Ego
665 624 757 702 puto
774 607 966 682 secundum
978 609 1084 704 hanc,
1096 629 1200 701 quam
1211 609 1313 703 supra
1330 632 1444 704 expo·

381 707 511 782 suimus
527 709 727 800 rationem,
747 709 861 800 'quod
871 709 1003 803 puelius
1027 722 1115 780 tunc
1131 729 1226 781 uxor
1244 711 1441 804 accipitur,

384 808 528 899 quando
538 821 739 884 emortuum
756 806 965 900 corporeis,
983 806 1351 899 quondomortiiicata
1361 808 1443 882 sunt

264 929 266 934 ·
381 907 551 982 membra.
576 907 698 999 Major
707 908 799 982 enim
809 906 1071 999 adsapientia‘m
1080 906 1229 980 sensibus
1241 907 1370 980 nostris
1382 929 1442 981 ca-

380 1007 516 1100 pucitus
536 1006 645 1100 inest,
672 1006 815 1098 quando
835 1005 1071 1080 mortificatio
1090 1005 1216 1080 Christi
1235 1005 1440 1080 circumfer·

381 1119 442 1177 tur
469 1106 507 1178 in
530 1125 688 1199 corpore
709 1105 834 1179 nostro
857 1107 1011 1199 mortali.
1068 1104 1237 1199 Denique
1258 1106 1438 1201 Cethura,

382 1225 487 1296 quam
501 1225 597 1279 nunc
616 1199 723 1278 senex
737 1202 919 1278 Abraham
934 1205 1081 1276 sortitur
1096 1205 1134 1278 in
1149 1205 1438 1296 matrimonium,

381 1303 594 1398 Thymiama
620 1304 899 1398 interpretatur,
932 1305 1031 1396 quod
1059 1303 1110 1377 est
1141 1302 1343 1397 incensum,
1375 1307 1439 1378 vel

381 1403 501 1478 bonus
525 1405 631 1479 odor.
688 1402 738 1476 Et
756 1399 829 1497 ipse
855 1405 949 1478 enim
971 1404 1114 1478 dicebat
1130 1403 1219 1478 sicut
1240 1401 1368 1476 Paulus
1387 1406 1438 1477 di·

380 1504 457 1595 xit,
482 1503 564 1594 quia
584 1503 705 1601 Christi
722 1503 817 1575 bom
835 1506 908 1576 odor
921 1505 1043 1592 scmus.
1095 1503 1296 1602 Quomodo
1316 1516 1437 1577 autem

381 1603 460 1696 quis
474 1600 601 1677 Christi
617 1605 736 1676 bonus
750 1604 845 1677 odor
864 1597 1036 1697 efficitur,
1062 1603 1257 1677 videamus.
1306 1601 1436 1676 Pecca-

379 1703 462 1776 mm'
474 1721 531 1775 res
551 1700 601 1777 est
616 1699 749 1778 foetida.
796 1703 963 1795 Denique
977 1717 1189 1796 peccatores
1202 1702 1323 1794 porcis
1337 1723 1437 1774 com·

379 1815 576 1898 parantur,
611 1805 670 1896 qui
693 1802 908 1894 inpeccatis
935 1801 1041 1891 velut
1063 1802 1101 1874 in
1127 1799 1286 1874 stercore
1306 1800 1435 1874 foetido

379 1904 606 1982 volutantur.
659 1899 710 1974 Et
726 1901 848 1974 David
863 1923 908 1975 ex
927 1899 1079 1994 persona
1100 1902 1304 1996 peccatorio
1323 1902 1435 1993 poeni-

380 2000 490 2074 centis
505 2000 609 2073 dicit:
637 2003 906 2098 computruerunt
921 2001 961 2077 U
975 2002 1156 2090 exclusum
1174 2005 1331 2072 cicatrices
1351 2023 1434 2071 mec.

388 2139 390 2144 ·
455 2119 489 2175 2.
513 2099 640 2192 Siquis
662 2119 749 2194 ergo
769 2099 925 2174 vestrum
939 2099 1013 2192 est,
1029 2102 1067 2173 in
1088 2119 1161 2192 quo
1184 2100 1279 2172 odor
1292 2102 1435 2190 peccati

376 2200 449 2294 jam
461 2199 577 2271 nullus
596 2198 667 2292 est,
692 2195 751 2273 'sed
769 2202 864 2273 odor
876 2198 1042 2294 justitie,
1067 2197 1220 2272 suavitas
1236 2198 1434 2272 misericor·

380 2297 465 2389 diae,
489 2297 608 2390 fiquis
627 2297 699 2371 fine
714 2295 968 2374 intermissione
984 2298 1123 2372 orando
1142 2296 1253 2370 offert
1269 2299 1433 2371 Domino

378 2396 515 2490 semper
535 2391 738 2491 incensum,
765 2399 800 2472 ot
817 2399 927 2473 dicit:
965 2404 1140 2493 Dirigotur
1155 2406 1257 2470 oratio
1271 2421 1338 2469 mec
1348 2399 1433 2492 ficut

311 2533 314 2544 ·
378 2498 536 2588 mensum
552 2503 590 2569 c'n
606 2495 764 2594 conspcfiu
778 2516 850 2584 tuo,
876 2502 1011 2571 clevatio
1024 2523 1174 2569 manuum
1187 2521 1324 2570 mearum
1333 2499 1434 2587 sucri-

374 2601 479 2688 ficium
497 2598 727 2694 vespertinum,
753 2595 1019 2674 iricCethuram
1039 2600 1142 2673 duxit
1159 2619 1321 2673 uxorem.
1372 2597 1434 2671 Sic

377 2717 467 2796 crgo
481 2697 756 2793 ienumnuptias
769 2700 996 2795 interpretari
1010 2699 1147 2796 dignius
1162 2712 1275 2790 puto,
1293 2697 1340 2769 fic
1354 2700 1432 2791 pul·

378 2799 465 2872 ehre
484 2798 574 2871 inita
589 2798 870 2872 Patriercharum
890 2800 928 2872 in
948 2801 1072 2872 ultima
1087 2798 1158 2889 jnm
1181 2795 1369 2870 &defessa
1388 2820 1432 2870 ae·

375 2909 453 2972 tate
472 2899 659 2993 conjugia,
681 2897 729 2972 src
747 2897 955 2973 necesarics
978 2894 1134 2971 filiorum
1157 2897 1430 2990 procreationes

376 2995 539 3074 existimo
554 2995 798 3074 numerandas.
848 2997 907 3071 Ad
925 2998 1123 3072 mec-enin
1132 2997 1296 3088 nuptias,
1324 2996 1431 3069 &hu-

371 3097 574 3193 juscemodi
593 3093 781 3190 sobolem,
806 3117 883 3170 non
903 3097 954 3170 ica
976 3096 1152 3190 juvenes,
1177 3109 1219 3168 ut
1236 3093 1337 3170 senes
1357 3098 1431 3189 apti

375 3196 467 3271 iimt.
519 3199 669 3295 Quanto
683 3199 780 3271 enim
792 3200 869 3290 quis
885 3211 993 3270 carne
1008 3199 1087 3292 plue
1103 3195 1208 3269 fessus
1224 3195 1296 3288 est,
1322 3210 1428 3268 tento

376 3297 445 3370 erit
458 3296 563 3371 animi
571 3299 709 3370 virtute
721 3296 923 3390 robustior,
941 3293 976 3369 sc
993 3293 1169 3392 sapientie
1182 3295 1430 3387 complexibus

377 3395 506 3489 aptior.
539 3395 598 3469 Sic
611 3395 646 3470 ἃ
658 3398 719 3469 ille
731 3400 767 3470 in
784 3396 1152 3490 seripturisvirjustuc
1168 3393 1327 3467 Eichana
1340 3395 1435 3468 duur

373 3494 473 3571 simul
490 3494 645 3569 refertur
661 3489 816 3570 habiriii'e
829 3509 984 3588 uxorei,
1002 3513 1148 3588 quarum
1158 3515 1228 3567 unc
1238 3492 1427 3588 semona,

374 3595 443 3669 iiio
454 3592 560 3668 Aona
572 3593 769 3688 dicebatur,
781 3595 816 3668 id
829 3595 892 3685 est,
904 3597 1094 3671 converso
1108 3594 1272 3691 &gratie
1299 3591 1349 3666 Et
1359 3595 1431 3690 pri·

373 3713 436 3770 mo
446 3694 587 3787 quidem
595 3695 724 3770 dicitur
733 3692 1257 3788 chenennafilioosuscepiist,
1265 3691 1429 3782 idemne

375 3796 616 3870 conversione
638 3794 918 3890 &postmodum
934 3795 980 3870 de
994 3795 1120 3881 Anna,
1146 3813 1223 3887 que
1239 3796 1291 3868 est
1304 3795 1426 3890 gratie

373 3891 714 3971 Profeiiuoetenim
734 3891 932 3970 samiorum
958 3892 1128 3991 scriptura
1147 3891 1344 3990 figuralium
1361 3913 1428 3988 per

375 3996 712 4094 conjugicdesgcat.
738 3993 1431 4166 Ηηάεθιωροωρΐωἰψωὶυοοὲοι
