3417 4692
386 418 463 542 'iN
488 416 772 498 GENESIM
794 415 1075 498 HOMILJA
1097 415 1201 496 VIII.
1278 423 1356 510 215

291 579 406 756 ¹elutus
447 592 588 658 terrena
628 581 882 678 derelinquat,
921 582 957 656 u
991 582 1038 656 ad
1070 578 1222 676 superna
1244 585 1356 654 cori-¹

307 680 447 754 cendat.
1269 697 1273 704 ·
1350 739 1355 746 .

364 802 400 867 4.
426 779 577 854 Surrexit
598 805 665 874 ergo
688 782 849 854 Abrabam
871 801 990 868 mane,
1031 777 1071 860 di
1097 782 1215 872 (drevic
1230 777 1351 877 aſsitam

290 878 396 970 suam,
423 882 461 958 (5
477 883 612 951 concidit
631 885 717 975 ligna
730 890 769 953 ad
785 884 1002 978 holacaustum.
1056 880 1105 954 Et
1121 881 1352 977 accepitfiiiun't

284 984 378 1072 suum
405 982 511 1069 ifiiac,
538 981 577 1056 (Ἰ
595 987 668 1053 duos
681 1005 811 1082 pueros,
838 982 876 1057 (5
890 987 1041 1078 peruenit
1060 985 1100 1054 ad
1115 983 1234 1072 inrum,
1262 989 1355 1078 quiin

291 1079 419 1150 dixerit
443 1086 473 1150 ei
505 1088 589 1151 Deus
606 1085 656 1153 die
681 1091 787 1155 tertia.
839 1083 1001 1158 Surrexit
1027 1083 1208 1156 Abraham
1223 1101 1348 1156 mane.

292 1178 406 1277 Quod
429 1177 562 1254 addidit
582 1205 688 1264 mane,
714 1183 904 1256 ostendere
922 1179 1069 1257 fortasse
1088 1182 1211 1254 voluit
1222 1207 1240 1272 ‚·
1269 1181 1361 1270 quit

290 1279 431 1353 initium
448 1280 536 1352 lucis
554 1281 756 1378 splenderet
768 1284 804 1355 in
820 1283 932 1358 corde
945 1284 1034 1376 ejus.
1065 1281 1203 1357 Stravit
1223 1278 1351 1355 asmam

291 1375 408 1470 fuam,
435 1381 528 1474 ligna
551 1384 783 1477 preparavit,
811 1383 961 1457 ass'umsrt
981 1379 1104 1455 filium.
1154 1379 1245 1454 Non
1266 1380 1364 1472 delii

291 1478 422 1570 beret,
454 1501 530 1554 non
557 1482 755 1571 detranat,
796 1503 872 1554 non
895 1483 1138 1558 communicat
1167 1499 1248 1555 tum
1272 1478 1358 1550 ulio

290 1576 438 1654 homine
461 1580 664 1672 consilium,
691 1581 750 1656 sed
764 1582 880 1656 statim
901 1597 1059 1675 occupat
1079 1582 1159 1654 iter.
1213 1580 1260 1650 Et
1279 1597 1359 1674 per:

291 1682 408 1760 vettii,
441 1679 583 1771 inquit,
615 1685 653 1752 ud
671 1685 788 1774 locuni,
816 1707 904 1776 quem
926 1685 1052 1751 dixerat
1075 1685 1105 1750 ci
1127 1683 1284 1750 Dominus
1302 1679 1359 1750 dit

292 1783 403 1846 teriia.
455 1777 601 1852 Omitto
619 1802 735 1873 nunc,
751 1782 833 1873 quid
847 1780 1055 1858 sacramenti
1073 1781 1261 1852 contineat
1276 1778 1360 1878 dier¹

291 1876 419 1968 tertia,
445 1875 647 1973 sapientiam
665 1883 697 1951 u
714 1878 1088 1954 consilium'tentantia
1103 1881 1260 1952 intueor.
1294 1877 1356 1949 Sid

289 1975 330 2048 in
354 1978 522 2067 proximo
546 1999 621 2052 non
640 1996 716 2052 erat
737 2003 841 2054 mons
863 1982 1009 2072 aliquis,
1038 2001 1118 2053 cum
1133 1987 1254 2050 totum
1274 1997 1357 2071 age«

290 2089 393 2146 retur
412 2077 447 2148 in
464 2081 668 2170 montibus,
696 2080 761 2156 sed·
773 2100 837 2173 per
853 2082 1011 2153 triduum
1024 2081 1093 2151 iter
1105 2075 1359 2171 protenditur)

290 2189 335 2248 ut
358 2196 422 2266 per
443 2193 561 2250 totum
589 2179 746 2254 triduum
773 2180 1034 2254 recutientibus
1057 2179 1176 2266 curis,
1201 2191 1355 2269 paterna

291 2273 428 2348 viscera
448 2283 671 2370 crucientur,
699 2281 731 2352 u
757 2282 855 2353 omni
876 2281 1083 2373 hoc-spatio
1101 2293 1173 2350 tarn
1202 2275 1358 2368 prolixo

292 2375 496 2448 intueretur
512 2375 624 2455 filium
641 2393 762 2473 pater,
790 2382 910 2454 cibum
928 2399 1010 2452 curn
1028 2401 1075 2451 eo
1093 2377 1266 2462 sumeret,
1291 2385 1357 2451 tot

290 2475 457 2549 notiibus
477 2498 566 2567 puer
582 2480 756 2572 penderet
778 2482 814 2552 in
839 2481 976 2571 amplex
992 2481 1057 2550 bus
1081 2477 1220 2568 patris,
1246 2476 1365 2552 itiam.

290 2588 390 2646 reret
410 2576 568 2669 pedion,
595 2580 773 2651 cubitaret
790 2582 825 2651 in
838 2600 936 2673 grem
951 2576 1002 2648 οἳ
1028 2577 1125 2649 Vide
1141 2577 1360 2664 inquantum

291 2677 448 2748 tentatio
473 2677 683 2753 cumulatur.
735 2678 863 2750 Tertia
884 2691 1003 2750 tamen
1025 2677 1099 2748 dies
1115 2673 1253 2767 semper
1269 2677 1358 2766 apti)

290 2771 335 2848 fit
366 2771 602 2854 sacramentis.
663 2777 758 2854 Nam
789 2778 822 2849 &
854 2779 1010 2870 populus
1043 2795 1124 2846 curn
1158 2771 1284 2848 exiffet·
1306 2765 1358 2844 td

292 2873 480 2968 AEgypto·‚
507 2878 611 2948 tertia
632 2877 688 2950 die
706 2877 817 2949 offert
833 2875 1040 2950 sacrificium
1061 2875 1169 2968 Deo‚
1195 2872 1280 2948 &in
1295 2870 1358 2942 div

290 2974 399 3044 tertia
416 2973 637 3067 purificatur.
690 2977 739 3049 Et
756 2975 966 3049 resurreiiio
995 2974 1146 3052 Domini
1170 2971 1277 3043 tertia
1300 2967 1355 3042 est

291 3074 371 3246 gie:
407 3078 441 3145 dt
464 3075 575 3151 multa
593 3078 659 3151 alia
677 3079 769 3151 intra
791 3078 884 3153 hanc
905 3076 998 3150 diem
1018 3072 1184 3173 mysteria
1203 3071 1355 3146 conclu*

317 3187 435 3249 untur.
1351 3197 1357 3214 ¹

365 3293 399 3361 5.
430 3273 620 3370 Respiciens,
646 3277 782 3371 inquit,
809 3277 972 3348 Abrabam
986 3275 1074 3345 vidit
1090 3270 1188 3342 iocum
1203 3271 1239 3342 de
1252 3269 1358 3361 iitrgra'

290 3372 330 3448 θ
352 3375 437 3442 dixit
453 3376 492 3443 ad
511 3395 623 3468 pueros
641 3382 737 3464 jun:
767 3380 876 3448 Sedete
891 3380 943 3448 hic
957 3399 1023 3448 cum
1043 3374 1149 3469 afina,
1175 3395 1225 3463 ego
1242 3379 1354 3440 outetb

292 3470 332 3547 ὅ
345 3493 425 3568 puer
440 3475 555 3544 ibimus
571 3477 665 3576 usque
682 3481 770 3552 illuc,
796 3478 833 3551 U
851 3503 917 3549 cum
932 3479 1186 3556 adoraverimus,
1213 3486 1352 3542 reverte·

290 3598 362 3642 mur
380 3576 419 3646 ad
438 3599 506 3644 vos.
565 3573 700 3651 Pueros
727 3577 884 3652 dimittit.
942 3575 1033 3646 Non
1057 3573 1152 3649 enim
1177 3575 1351 3663 poterant

289 3671 477 3744 ascendere
502 3678 602 3764 pueri
618 3697 699 3751 cum
717 3676 901 3750 'Abraham
922 3673 965 3748 ad
985 3669 1353 3758 holocautidoenmr

291 3793 396 3864 quem
412 3772 616 3850 ostenderat
630 3777 742 3852 Deua.
782 3780 844 3846 Vos
860 3795 969 3869 ergo,
994 3774 1131 3863 inquit,
1156 3773 1274 3855 ¹sedere:
1299 3789 1350 3858 ego

292 3891 397 3948 autem
421 3872 459 3948 (5
483 3874 599 3966 infans
616 3877 752 3964 ibimus,
779 3875 818 3949 (5
838 3901 905 3942 cum
926 3880 1182 3953 enarraverimus,-
1210 3883 1349 3939 reverte·

291 3999 363 4044 mur
375 3977 414 4043 ad
430 4000 497 4043 vos.
553 3976 621 4050 Dic
636 3977 720 4051 mihi
733 3977 935 4064 Abraham,
963 3994 1090 4066 uerum
1104 3967 1352 4062 dicis-adpara-

290 4095 374 4169 108,
401 4074 498 4165 quod
516 4074 667 4171 adores,
697 4059 868 4151 &redeas
885 4095 966 4150 cum
980 4072 1139 4163 infante,
1164 4089 1208 4144 an
1227 4062 1347 4231 [11ξεῖ

388 4181 390 4186 '
816 4173 852 4251 O
882 4197 911 4269 4.
1193 4178 1217 4204 ““
1305 4184 1326 4226 Χ
