3417 4692
456 419 1208 502 ruceucstueourtrau
1286 441 1354 519 us
1476 491 1479 496 ,

304 587 538 682 allegoricum
559 583 717 674 sensum,
753 583 934 676 &fiquid
950 585 989 658 in
1010 586 1061 657 eis
1080 605 1247 659 arcanum
1268 606 1357 658 con·

305 687 462 778 tinctor,
490 687 646 783 aperire,
673 684 834 758 Domino
858 685 964 756 nobis
984 686 1087 758 verbi
1107 683 1158 757 sui
1175 683 1357 760 seientiam

304 788 504 861 revelante.
555 785 675 862 Primo
692 784 801 880 igitur
814 785 891 858 haec
905 780 1000 878 ipsa,
1025 805 1102 875 que
1118 782 1247 880 scripta
1263 784 1356 878 sunt,

306 905 564 980 proponamus.
624 887 671 958 Et
698 889 803 968 dixit,
838 883 975 976 inquit,
1013 887 1170 955 Dominus
1199 887 1240 956 ad
1268 889 1358 959 Nn:

311 980 442 1082 limpus
460 990 559 1056 amnis
585 985 721 1055 nummis
743 987 839 1054 venit
860 999 937 1054 ante
959 1005 1024 1070 me,
1059 989 1208 1081 quoniam
1231 986 1359 1080 impleta
1439 993 1443 1006 '

306 1085 348 1180 efl
367 1103 454 1157 tetra
474 1085 703 1183 miquitatilus
725 1084 763 1154 ab
785 1089 858 1171 eir,
894 1082 933 1159 U
959 1107 1085 1177 netega
1102 1083 1359 1179 disperdamidet

307 1210 377 1254 cum
400 1202 497 1257 tetra.
551 1187 613 1256 Fet
632 1208 698 1275 crgo
717 1185 776 1254 tibi
793 1207 899 1255 arcam
921 1186 957 1256 dt
972 1187 1072 1277 iignr's
1091 1188 1278 1281 quadratis,
1305 1187 1358 1254 ni·

307 1285 362 1354 dos
375 1286 536 1377 feriatim
561 1309 653 1379 orca,
679 1284 716 1360 (5
738 1281 942 1356 bituminabis
963 1282 1088 1354 tam-od
1108 1296 1198 1356 inttts
1219 1283 1257 1361 (5
1276 1311 1297 1354 a
1305 1284 1361 1375 jo·

308 1391 357 1454 tis
383 1388 561 1475 bitumine,
595 1383 635 1460 di
650 1385 697 1479 fic
710 1383 811 1477 facies
836 1409 949 1458 arcam.
1006 1376 1228 1458 Trecentorum
1245 1385 1361 1454 cubitu·

308 1509 382 1554 tum
399 1486 625 1582 longitudinem
643 1509 745 1571 arca,
779 1480 817 1560 ὕ
834 1487 1063 1582 quinquaginta
1084 1483 1258 1556 cubitorum
1281 1484 1360 1553 suti·

308 1587 475 1672 tudinem,
512 1583 551 1662 di
588 1589 729 1680 triginta
751 1585 926 1655 cubitorum
956 1586 1253 1681 altitudinemque
1279 1585 1361 1653 cedi·

305 1709 383 1779 gens
400 1685 503 1777 facies
526 1683 658 1772 aucam,
694 1683 733 1766 dt
768 1691 805 1754 in
829 1685 965 1754 cubitum
987 1685 1205 1775 mnsrtmmodis
1229 1709 1294 1755 eam
1320 1689 1360 1754 in

303 1787 432 1875 summe.
487 1786 603 1882 Ostium
626 1804 730 1856 eutem
744 1813 747 1820 ·
762 1809 843 1856 utre
866 1783 968 1876 faties
1002 1787 1168 1874 ulutate,
1202 1786 1373 1876 infcriota‘

310 1886 518 1971 bicamerata,
543 1885 583 1961 (s
602 1891 804 1966 tricamerata
819 1883 1085 1981 superiorajacies
1108 1909 1153 1957 tt.
1202 1881 1253 1958 Et
1278 1881 1363 1976 post

309 2005 425 2078 pauca
450 1983 564 2058 addit:
592 1985 640 2056 Et
659 1985 760 2078 fecit,
784 1984 920 2078 inquit,
947 1989 1019 2060 Noe
1043 1989 1168 2076 mnia,
1193 2009 1259 2082 quae
1280 2003 1362 2078 pra·

309 2091 390 2178 cepit
417 2085 448 2154 ei
470 2085 629 2156 Dominus
655 2089 765 2170 Deus,
792 2083 836 2181 fic
854 2081 948 2174 fecit.
999 2083 1120 2160 Primo
1152 2103 1241 2181 ergo
1267 2101 1361 2173 quae·
1386 2105 1395 2138 '=

311 2184 424 2275 titur,
451 2184 589 2273 qualem
615 2197 786 2277 oporteat
809 2183 969 2258 habitum
992 2181 1124 2279 ipsum,
1150 2185 1184 2256 u
1207 2183 1363 2260 sormam

311 2305 403 2356 arcae
426 2282 587 2379 intelligi.
637 2287 753 2382 Quam
779 2303 848 2378 ego
872 2297 988 2377 puto,
1014 2299 1185 2376 quantum
1210 2305 1255 2356 ex
1281 2284 1360 2378 his,
1389 2326 1391 2329 <

311 2405 389 2474 quae
434 2380 691 2458 describuntur.
724 2394 898 2475 apparet,
941 2398 1096 2471 quatuor
1135 2385 1271 2478 angulis
1314 2404 1363 2461 ex

310 2480 675 2578 imo‘consurgentem
693 2480 891 2572 eisdemque
903 2484 1072 2573 paulatim
1090 2480 1255 2572 usquead
1272 2480 1364 2556 sum-

310 2603 408 2658 mum
427 2581 465 2653 in
485 2580 666 2676 angustum
690 2579 875 2672 amastis,
909 2582 946 2652 in
961 2580 1109 2676 spatium
1127 2583 1229 2654 onius
1249 2581 1363 2660 cubiti
1408 2613 1412 2620 ,

310 2679 413 2757 fuisse
430 2679 625 2755 corenam.
674 2680 733 2752 Sic
748 2681 842 2752 enim
859 2678 1039 2771 refertur,
1065 2681 1162 2771 quod
1178 2682 1216 2754 in
1238 2680 1364 2753 funda-

310 2779 440 2857 mentis
455 2780 529 2872 ejus
544 2781 696 2853 trecenti
712 2780 822 2852 cubiti
836 2779 874 2851 in
891 2780 1168 2875 longitudinem,
1194 2782 1232 2854 in
1243 2780 1364 2853 latito-

312 2881 430 2954 dinem
442 2900 534 2952 vero
549 2880 800 2975 quinquaginta
810 2878 878 2953 srnt
886 2879 1012 2971 politi,
1037 2878 1183 2974 triginta
1194 2891 1311 2955 autem
1323 2882 1362 2958 in

312 2979 533 3055 altitudinem
547 2976 719 3052 aedificati.
753 2978 823 3052 Sed
837 2977 986 3052 tolletis
1001 2978 1052 3052 est
1062 2980 1100 3051 in
1116 2997 1284 3050 cacumen
1303 3000 1364 3052 an·

313 3078 470 3175 gustum,
494 3079 545 3151 ita
559 3093 602 3151 ut
621 3079 763 3152 cubitus
777 3079 820 3152 sn
835 3077 1029 3151 latitudinis
1041 3131 1053 3169 ,
1065 3076 1066 3079 '
1079 3077 1114 3150 te
1128 3077 1363 3172 longitudinis

315 3181 404 3270 eius.
435 3176 894 3273 Jamverointrinsecusee
908 3178 1073 3268 quidem,
1100 3197 1178 3268 quae
1195 3177 1364 3252 dicuntm

315 3280 391 3370 ejus
413 3277 609 3371 inferiora,
633 3277 847 3352 bicamerata
864 3292 1070 3371 ponuntur,
1101 3275 1137 3348 id
1159 3273 1209 3349 est
1225 3276 1363 3350 habitae

313 3382 451 3452 tionem
465 3377 641 3469 duplicem
658 3378 893 3453 continentia.
941 3376 1132 3469 Superiora
1146 3364 1241 3449 verd
1259 3376 1365 3448 trica·

314 3489 466 3569 metata,
492 3477 608 3549 veluti
631 3476 657 3550 si
678 3478 833 3550 dicamus
853 3477 1050 3569 triplicibus
1073 3473 1271 3548 constructa
1296 3496 1364 3547 coe.

312 3577 460 3651 natulis.
517 3572 587 3649 Sed
607 3574 662 3649 hat
683 3577 944 3650 habitationum
965 3573 1206 3648 distinitiones
1226 3575 1269 3648 ad
1290 3576 1366 3647 hoc

313 3674 414 3753 faita
428 3672 617 3765 videntur,
641 3689 684 3747 ut
700 3673 835 3749 secerni
853 3676 1079 3772 persingulas
1099 3674 1297 3746 mansiones
1314 3675 1364 3748 die

312 3773 417 3848 versa
431 3775 630 3850 animalium
649 3778 709 3847 vel
724 3775 910 3850 bestiarum
924 3795 1053 3872 genera
1070 3772 1206 3846 facilus
1220 3772 1372 3866 possint*

314 3874 514 3950 &abestiis
533 3874 618 3949 seris
633 3872 833 3967 mausueta,
860 3872 1056 3967 ortaque&
1073 3873 1203 3969 ignava
1218 3870 1363 3970 stjttngi.
1387 3905 1390 3912 ·

315 3974 390 4048 istae
404 3993 492 4069 ergo
506 3973 766 4048 habitationum
787 3973 1016 4048 discretiones
1038 3973 1112 4046 nidi
1128 3973 1367 4068 appellantem

320 4074 503 4180 Quadrata
513 4093 606 4156 veto
622 4073 715 4174 ligna
726 4073 826 4150 fuisse
838 4073 1038 4149 reseruntur
1050 4127 1076 4171 ,.
1087 4093 1164 4174 quo
1177 4071 1215 4144 u
1225 4071 1424 4244 satum

789 4174 874 4280 Ks
1301 4167 1353 4252 u

1393 4385 1406 4430 l
