3417 4692
476 376 543 454 IN
567 374 850 452 GENESIM
875 374 1153 453 HOMILIA
1177 378 1223 458 11.
1312 387 1381 480 163

319 561 386 618 eos
409 537 500 616 dista
521 538 614 633 sant,
646 537 707 631 qui
734 537 944 634 impugnare
964 536 1154 632 scripturas
1177 544 1311 616 veteris
1329 559 1384 618 te·

316 639 481 718 stamenti
505 641 695 730 nituntur,
726 651 895 730 tanquam
921 637 1142 734 impossibilia
1168 643 1325 734 quaedam
1346 643 1384 718 dt

317 737 574 814 irrationabilia
594 740 835 812 continentes.
1232 794 1238 804 .

377 859 429 931 ·3.
457 838 567 912 Nunc
594 855 686 910 vero
704 835 776 928 jam
800 835 1034 930 deprecantes
1066 842 1287 935 comptius,
1320 842 1383 935 qui

318 935 416 1014 solur
433 937 553 1033 potest
571 937 616 1010 de
628 935 783 1011 leitione
797 937 933 1009 veteris
949 936 1148 1011 testamenti
1162 941 1303 1016 auferre
1319 964 1383 1018 ve·

318 1037 459 1132 lamen,
483 1050 663 1111 tentemus
677 1035 878 1128 inquirere,
896 1037 978 1129 quid
1000 1037 1106 1111 etiam
1123 1035 1285 1138 spiritalis
1300 1042 1382 1116 aedi·

318 1133 501 1212 ficationis
520 1136 708 1209 contineat
727 1132 913 1233 magnifica
937 1135 1013 1209 haec
1040 1155 1129 1209 arcae
1151 1138 1381 1220 constructio.

318 1233 417 1310 Puto
442 1256 529 1332 ergo
549 1231 612 1331 (ut
637 1257 705 1330 ego
723 1254 792 1329 pro
817 1235 997 1329 parvitate
1024 1233 1139 1309 sensus
1161 1239 1232 1311 mei
1252 1238 1384 1332 assequi

318 1333 482 1432 possum)
509 1335 606 1428 quod
634 1332 721 1407 illud
742 1334 945 1425 diluvium,
978 1356 1051 1426 quo
1075 1355 1170 1430 pene
1188 1333 1270 1410 finis
1292 1353 1382 1412 tunc

319 1434 424 1507 datus
439 1433 490 1507 est
506 1432 662 1526 mundo,
688 1432 839 1507 formam
852 1446 974 1506 teneat
993 1431 1072 1506 finis
1091 1436 1198 1528 illius,
1218 1437 1382 1526 quivere

319 1532 539 1628 summust,
560 1534 691 1608 mundi.
719 1530 963 1634 Quoddtipse
974 1532 1152 1608 Dominus
1164 1538 1382 1628 pronuncia·

318 1635 378 1705 vit
395 1633 535 1706 dicens:
560 1638 655 1705 Sicut
674 1638 757 1703 enim
785 1639 822 1702 in
846 1634 951 1703 diebus
973 1634 1041 1704 Noe
1062 1636 1229 1722 emebant,
1266 1641 1381 1710 venda·

319 1733 423 1821 bant,
458 1735 678 1824 edificabant,
713 1730 933 1808 nubebant&
955 1747 1092 1828 nuptum
1117 1737 1309 1824 tradebant,
1341 1735 1383 1814 θ’

315 1833 457 1931 perdidit
475 1855 604 1904 omnes:
639 1838 687 1904 r'ta
710 1838 771 1902 erit
792 1827 831 1906 (5
857 1835 1023 1904 aduentus
1044 1831 1117 1929 fllir’
1140 1835 1286 1908 hominis.
1337 1836 1384 1912 In
1420 1839 1424 1848 ’

320 1951 396 2024 quo
415 1921 613 2004 'evidenter
636 1952 706 2004 una
734 1929 928 2022 eademque
950 1930 1068 2005 forma
1091 1931 1239 2027 diluuii,
1282 1935 1383 2029 quod

319 2030 514 2126 praecessrt,
541 2031 672 2104 &sanis
685 2030 831 2120 mundi,
851 2052 955 2122 quem
977 2046 1170 2106 venturum
1187 2033 1294 2127 dicit,
1321 2036 1381 2111 de-

318 2131 485 2227 fignatur.
536 2129 636 2202 Sicut
652 2148 739 2225 ergo
761 2145 848 2202 tunc
864 2129 994 2202 diiium
1018 2129 1068 2204 est
1090 2132 1134 2204 ad
1151 2134 1250 2206 iilum
1271 2133 1381 2229 Noe,
1413 2211 1420 2218 ,

318 2246 363 2322 ut
381 2230 667 2320 recortanam,
694 2229 992 2302 &introduceret
1008 2231 1044 2301 in
1065 2252 1140 2304 eam
1165 2230 1282 2307 secum
1304 2256 1384 2310 non

320 2327 436 2405 solum
456 2324 576 2420 filios,
602 2327 834 2425 &proximos
854 2326 956 2418 suos,
984 2349 1110 2403 verum
1130 2332 1236 2404 etiam
1253 2333 1384 2412 diversi

320 2429 460 2527 generis
477 2427 656 2502 animalia:
680 2427 731 2501 ita
746 2429 853 2502 etiam
871 2428 912 2500 ad
929 2427 1089 2500 nostrum
1103 2427 1214 2522 Noe,
1241 2433 1299 2523 qui
1318 2439 1403 2509 ve·'

319 2545 363 2601 re
377 2526 472 2600 solus
482 2525 593 2620 justus
607 2525 641 2600 δι
656 2523 749 2600 solus
763 2523 939 2623 perscitus
954 2525 1025 2619 est,
1050 2527 1249 2602 Dominum
1264 2532 1385 2626 Jesum

321 2624 497 2702 Christum
520 2627 557 2700 in
576 2623 884 2700 consummatione
908 2623 1115 2700 saeculorum
1140 2626 1270 2702 disium
1289 2629 1385 2706 esta

320 2728 451 2822 patre,
475 2739 519 2799 ut
537 2724 674 2799 faceret
697 2723 761 2797 fibi
786 2743 904 2796 arcam
927 2747 972 2798 ex
996 2725 1100 2820 lignis
1120 2727 1320 2822 quadratis,
1348 2730 1385 2804 de

320 2825 500 2902 mensuras
533 2826 567 2900 ei
597 2826 697 2898 daret
731 2821 929 2896 coelestibus
961 2819 1184 2897 sacramentis
1216 2829 1384 2921 repletas.

321 2923 410 3002 Hoc
427 2926 521 2998 enim
539 2924 738 3019 desrgnatur
752 2924 789 2996 in
800 2917 958 3015 psalmo,
982 2922 1045 2996 ubi
1066 2921 1169 2996 dicit:
1199 2927 1273 2998 Pete
1289 2955 1308 2998 a
1323 2951 1382 3019 me,

322 3019 364 3104 6
381 3025 456 3096 dabo
467 3024 527 3096 tibi
539 3029 645 3118 gentes
658 3024 872 3094 hereditatem
887 3039 995 3114 tuam,
1019 3021 1058 3100 (θ’
1072 3020 1278 3117 poffefflonem
1293 3044 1385 3101 tuam

301 3135 303 3140 '
323 3130 478 3206 terminos
494 3141 595 3196 terra.
648 3119 833 3196 Construit
854 3140 942 3217 ergo
961 3141 1104 3213 arcam,
1135 3124 1168 3196 tr
1187 3123 1273 3197 facit
1288 3129 1324 3201 in
1341 3149 1385 3204 ea

285 4261 308 4308 7

321 3223 449 3317 nidos,
473 3222 595 3315 idest,
620 3222 839 3316 promtuaria
855 3222 1026 3314 quaedam,
1043 3223 1170 3313 quibus
1181 3223 1308 3300 diversi
1324 3248 1385 3322 ge·

321 3327 419 3402 neris
445 3323 606 3397 animalia
627 3322 856 3417 recipiantur.
908 3318 967 3392 De
989 3323 1116 3412 quibus
1144 3321 1178 3392 &
1204 3328 1385 3419 propheta

323 3415 430 3498 dicit:
460 3425 551 3515 Perge
563 3423 692 3519 papulus
713 3445 815 3511 meres,
842 3424 936 3491 intra
953 3430 989 3490 in
1010 3427 1303 3515 promtuarium,
1330 3427 1384 3498 ab·

314 3524 428 3616 scande
444 3539 475 3594 te
480 3541 668 3622 parumper,
684 3523 775 3591 denec
789 3520 932 3611 transeat
942 3520 1035 3609 furor
1049 3525 1104 3592 t're'
1119 3543 1198 3594 mee.
1232 3521 1386 3599 Confer·

323 3640 385 3700 tur
405 3643 495 3719 ergo
517 3623 671 3715 populus
697 3619 757 3692 hic
782 3617 842 3709 qui
865 3613 1020 3691 salvatur
1045 3621 1083 3692 in
1107 3617 1288 3717 Ecclesra‚
1313 3625 1384 3700 illis

324 3726 518 3812 omnibus,
544 3720 619 3794 five
635 3716 860 3808 hominibus,
885 3715 961 3791 srve
973 3718 1201 3811 animalibus,
1228 3742 1305 3814 quae
1321 3720 1385 3796 sal·

323 3839 412 3900 vata
424 3823 504 3896 sunt
517 3822 554 3893 in
571 3841 662 3896 arca.
714 3818 852 3891 Verum
873 3819 1042 3909 quoniam
1058 3839 1135 3892 non
1155 3819 1207 3892 est
1224 3822 1386 3902 omnium
1464 3881 1466 3890 .

323 3945 437 4000 unum
455 3924 645 4012 meritum,
670 3939 739 3992 nec
757 3937 848 3990 unus
871 3913 994 3988 infide
1015 3916 1219 4010 profectus,
1246 3919 1383 3998 idcirco

326 4025 367 4104 dt
384 4045 468 4100 arca
483 4021 544 4095 illa
565 4041 643 4098 non
665 4040 773 4096 unam
794 4017 930 4194 przbet
953 4017 1120 4096 omnibus
1141 4019 1383 4191 manopera,

903 4135 926 4190 2
1297 4120 1353 4192 eo
