3417 4692
469 413 755 508 annuerat
778 429 847 509 un
874 420 1171 513 GENTESIM.
1312 453 1360 534 ῖς

287 597 364 672 eles.
418 589 507 689 Ejus
522 604 642 668 autem
656 594 716 687 qui
728 594 985 690 regeneravit,
1010 605 1229 691 preceptum
1247 595 1359 673 trans·

240 743 253 774 .·
289 694 450 793 gredit'ur
472 693 523 787 ls,
548 693 610 786 qul
628 690 800 785 serpentis
823 694 1105 790 cogitationibus
1129 695 1236 792 usus,
1264 699 1356 774 alion

285 794 435 888 quidem
448 805 491 866 ut
505 792 643 886 probos
662 792 798 889 diluit,
824 794 914 868 alios
929 809 1049 869 autem
1063 797 1143 880 odit
1157 811 1200 873 ut
1216 801 1352 888 malos3

289 893 390 988 quod
412 891 464 965 est
479 892 613 989 lignum
637 890 768 968 sciendi
793 894 951 968 bonum:
985 893 1084 987 quod
1103 898 1163 988 qui
1186 897 1356 980 licentius¹

247 1015 250 1024 ·
334 992 505 1084 starent,
530 992 696 1084 moritur,
722 1013 799 1067 non
813 992 907 1085 quasa
920 994 1021 1069 Deus
1037 1010 1193 1070 mortem
1209 997 1355 1092 feceriu

238 1155 240 1164 .
302 1093 347 1167 ed
361 1092 500 1186 home,
511 1092 578 1184 qui
593 1092 798 1186 proximum
813 1091 905 1168 odit.
932 1097 1022 1166 Dens
1042 1100 1129 1167 mim
1146 1115 1276 1168 mortem
1287 1119 1356 1169 nm

238 1193 241 1214 '
284 1194 390 1288 fecit,
415 1216 472 1264 nec
490 1190 663 1264 uetiam
679 1196 717 1263 in
734 1195 913 1290 perditione
933 1198 1109 1282 vivorum
1138 1216 1256 1288 neque
1276 1218 1355 1271 mo·
1424 1205 1427 1212 '

289 1307 400 1368 vetur
415 1293 476 1400 irae
490 1287 641 1408 affectu,
667 1313 736 1367 nec
764 1293 1133 1390 cogitatuindibiam‘,
1160 1309 1222 1370 aut
1240 1310 1354 1371 muta-

288 1388 883 1586 laurita
896 1371 1354 1590 ltalia-lacau

289 1593 349 1666 tali
365 1592 448 1688 lege
458 1590 677 1683 judicentur.
714 1588 857 1667 Idcirco
874 1593 924 1666 ait
938 1591 1044 1667 Adae:
1069 1619 1133 1692 qua
1150 1596 1201 1666 die
1212 1595 1353 1679 ederitis,

289 1707 389 1770 arom
400 1691 588 1764 moriemini.
612 1686 663 1764 Et
679 1679 727 1766 fic
743 1689 883 1784 statuit,
903 1705 1035 1768 utrem
1049 1694 1264 1787 quamlibet,
1281 1713 1352 1786 quit

238 1867 239 1874 Ν
290 1792 350 1865 vel
364 1792 506 1865 bonum
519 1785 563 1865 fit
579 1790 642 1864 vel
665 1791 820 1883 malum,
845 1792 1056 1866 naturaliter
1081 1792 1235 1885 iiquod
1255 1794 1351 1867 ratio

249 1917 253 1924 ·
285 1891 410 1985 iusque
423 1889 601 1985 posntlat,
627 1888 886 1984 consequatur,
914 1910 955 1964 ae
969 1892 1158 1967 nonnudo
1175 1893 1353 1987 cogitatu,

289 2005 328 2064 ut
349 1989 493 2082 quidam
513 1985 733 2082 existimant,
764 1990 824 2083 qui
837 1988 1026 2084 spiritalem
1047 1994 1163 2088 legem
1176 1990 1364 2074 nesciunt„
1411 2010 1412 2013 ‘

240 2155 244 2172 ,
366 2089 415 2163 Et
424 2089 507 2184 sctit
523 2092 684 2164 Dominus
702 2093 791 2163 Deus
811 2092 887 2163 Ata
900 2092 940 2167 U
958 2098 1051 2162 uxori
1062 2096 1130 2187 ejus
1145 2093 1271 2164 tunicas
1284 2090 1353 2189 pel·-

239 2183 246 2220 ¹
290 2192 405 2285 licens,
431 2189 471 2267 U
491 2191 601 2262 induit
620 2185 700 2283 aaa]
789 2190 850 2263 uid
873 2189 1071 2265 existimare
1094 2191 1262 2266 debemus
1282 2187 1352 2264 effe

242 2287 244 2294 '
290 2291 407 2364 vestes
427 2291 503 2364 illas
520 2286 718 2384 pelliceas?
782 2289 863 2363 alde
886 2290 1029 2382 quidem
1054 2290 1221 2365 stolidum
1245 2289 1297 2364 est
1315 2288 1352 2363 uc

241 2297 253 2504 Ι
292 2390 409 2482 anile,
437 2388 592 2482 Deoque
609 2390 753 2465 minime
769 2388 935 2487 dignum,
962 2390 1125 2465 arbitrari
1141 2390 1260 2465 Deum
1276 2390 1352 2483 pel·

242 2501 252 2588 j
290 2491 341 2563 les
358 2487 559 2564 animalium
569 2490 837 2586 jugulatorum,
863 2503 926 2564 aut
941 2489 1045 2584 aliter
1053 2504 1281 2564 mortuorum
1294 2508 1352 2562 ac·

239 2607 249 2686 r
292 2585 442 2685 cepisse,
469 2587 602 2662 &inde
622 2589 733 2683 pelles
753 2589 829 2661 illas
855 2587 1086 2682 consuendo,
1112 2588 1256 2662 coriarii
1273 2609 1351 2661 mo·

239 2691 242 2748 ἰ
289 2706 351 2782 te,
377 2689 415 2761 in
436 2685 638 2762 vestimenti
659 2686 811 2767 sormam
831 2685 1014 2784 redegisse.
1064 2686 1216 2762 Rursum
1233 2701 1275 2760 ut
1296 2687 1351 2760 vi·

291 2800 389 2860 tetur
404 2789 481 2861 haec
493 2786 700 2881 absurditas,
715 2786 835 2861 dicere
850 2785 969 2862 vestes
984 2786 1061 2862 illan
1077 2788 1243 2882 pelliceas
1259 2785 1354 2860 nihil-

291 2887 385 2961 aliud
401 2884 582 2980 essequam
599 2906 780 2981 corpora,
807 2887 995 2980 probabile
1014 2887 1156 2979 quidem
1173 2884 1245 2982 est,
1261 2883 1350 2959 &ad

241 3017 243 3076 5
291 2984 525 3064 assentionem
541 2985 748 3061 eliciendam
766 2983 911 3061 efficax:
936 2999 974 3061 at
990 3007 1067 3060 non
1085 2987 1234 3061 evidens
1246 2985 1350 3077 quale

241 3079 246 3172 ξ
290 3084 361 3160 else
369 3085 491 3181 debet,
502 3086 601 3179 quod
609 3106 738 3161 vetum
749 3084 810 3161 esi.
822 3086 860 3160 si
870 3085 1131 3179 enimpelliceae
1140 3081 1349 3161 veliessunt

240 3185 250 3266 l
290 3205 415 3259 carnes
431 3183 572 3280 icosio,
598 3184 786 3278 quomodo
803 3186 1015 3275 anteadixit
1031 3184 1166 3260 Adam:
1190 3188 1247 3257 boc
1262 3205 1350 3255 mne

290 3310 322 3356 os
342 3309 411 3356 exo
437 3285 507 3357 cius
525 3292 620 3374 meis,
646 3283 686 3362 θ
699 3310 770 3359 caro
788 3287 825 3358 se
842 3310 939 3358 carm
954 3280 1047 3359 meas
1071 3285 1138 3359 His
1159 3285 1266 3380 igitur
1278 3304 1349 3356 am·

248 3435 252 3450 .
289 3383 520 3480 biguitatibus
540 3386 662 3460 obruti
682 3385 849 3460 nonnulli
869 3379 1087 3460 asseruerunt
1112 3382 1230 3459 vestes
1249 3384 1350 3477 pelli·

238 3453 249 3574 i
291 3505 372 3558 ceas
398 3483 466 3558 elle
490 3486 747 3562 mortalitatem
771 3485 896 3579 illam,
936 3506 1005 3578 qua
1034 3484 1241 3559 circumdati
1269 3479 1350 3556 sunt

238 3591 242 3718 1
290 3583 408 3658 Adam
427 3582 578 3681 &Eva‚
602 3584 713 3660 morti
731 3599 884 3682 propter
905 3596 1095 3679 peccatum
1117 3581 1262 3658 addisti:
1286 3578 1347 3655 sed

238 3753 241 3764 .
289 3683 343 3758 isti
359 3704 438 3757 non
454 3683 560 3760 facile
578 3685 732 3780 probare
747 3684 923 3780 possunt,
949 3682 1136 3777 quomodo
1150 3682 1281 3774 Deus,
1308 3680 1347 3753 br

288 3805 367 3859 non
398 3785 515 3859 multo
547 3785 657 3881 magis
686 3797 903 3878 peccatum,
949 3784 1205 3859 mortalitatem
1232 3781 1346 3877 pariat

287 3881 544 3981 transgressori.
593 3883 770 3959 Praeterea
788 3881 928 3958 necesse
945 3880 997 3958 est
1012 3904 1076 3957 eos
1102 3882 1244 3974 dicere,
1271 3898 1346 3952 car·

289 4005 374 4059 nem
398 3983 432 4056 br
453 3981 526 4057 offa
542 3985 690 4079 propria
703 3984 851 4074 ratione
873 4003 950 4058 non
978 3980 1048 4057 elie
1075 3979 1346 4076 corruptibilia,
1465 3973 1468 4052 ἶ

248 4151 257 4186 ,
286 4103 370 4163 'cum
386 4081 512 4178 postea
525 4096 643 4182 patrea
657 4082 770 4160 nostri
782 4096 934 4180 propter
948 4095 1140 4178 peccatam
1150 4080 1349 4196 mortalita·

1268 4195 1326 4254 tib
