3417 4692
485 381 551 458 ru
576 317 1167 466 Gruteruuomrtm
1192 379 1219 456 1.
1309 373 1432 476 ”aar

323 549 402 642 quia
423 543 536 612 barrum
556 544 607 630 eli.
658 542 825 634 Denique
847 543 880 615 &
899 563 962 632 ea,
987 563 1065 634 quae
1087 543 1132 616 de
1155 535 1262 616 tertia
1277 541 1335 614 die
1357 544 1394 616 in

324 641 630 734 consequentibus
649 642 918 728 describuntur,
944 643 982 716 in
1000 643 1098 716 huuc
1123 641 1287 716 eumdem
1306 661 1394 716 con·
1452 689 1457 712 .

324 745 480 816 veniunt
500 741 729 818 intellestum.
780 740 973 817 Aiteuim:
1002 745 1154 828 Erdrxit
1173 745 1283 814 Deus:
1311 739 1395 815 Cirr·

320 861 468 937 gregerur
483 869 584 938 aqua,
604 869 671 940 qua
685 845 792 938 elisub
805 843 876 914 toelo
887 849 923 912 in
936 851 1197 936 congregationem
1206 865 1326 932 unum,
1354 843 1394 920 θ’

324 960 480 1034 αρρανεαϊ
504 945 603 1013 arida.
659 946 705 1016 Er
722 941 849 1035 fufium
871 943 908 1039 esi
930 951 978 1013 iia
1035 941 1117 1014 Nos
1144 943 1233 1036 ergo
1252 943 1393 1016 labore·

325 1065 405 1116 mus
422 1063 643 1138 congregare
655 1063 794 1134 aquam,
811 1062 888 1134 quae
904 1041 955 1115 est
971 1040 1033 1115 sub
1052 1045 1167 1132 caelu,
1186 1043 1393 1134 &abjicere

326 1165 404 1216 eam
430 1144 608 1232 anobis,
644 1157 686 1215 ut
712 1164 793 1217 cum
811 1143 885 1216 hoc
911 1140 1040 1216 fadum
1065 1143 1191 1216 fuerit.
1221 1141 1392 1238 appareit

325 1242 450 1332 arida,
485 1263 562 1334 quae
586 1240 727 1316 suntin
755 1263 863 1316 carne
890 1241 986 1337 gesta
1006 1263 1118 1336 opera
1138 1239 1287 1332 nostra,
1315 1260 1389 1334 quo

325 1342 462 1414 scilicet
486 1346 633 1413 vadentes
649 1344 801 1422 ‘homines
824 1365 915 1438 opera
937 1342 1059 1416 nostra
1085 1343 1185 1429 burra,
1212 1343 1392 1434 glurrflteut

319 1458 445 1540 patrem
464 1440 646 1531 nostrum,
668 1449 725 1538 qur·
741 1451 778 1512 in
799 1445 881 1512 cetis
899 1443 949 1536 est.
999 1443 1035 1514 Si
1057 1444 1149 1514 enim
1171 1461 1278 1531 aquas
1296 1441 1390 1536 istm,

324 1561 402 1632 qua
420 1540 498 1614 sunt
513 1539 575 1614 sub
588 1542 695 1632 coelo,
710 1561 786 1615 non
804 1543 1112 1633 separaverimusa
1130 1543 1259 1633 uobis,
1274 1541 1309 1614 id
1324 1539 1390 1632 est,

322 1656 474 1736 peccata
495 1641 631 1714 &vitia
644 1643 811 1735 corporis
829 1641 962 1733 nostri,
990 1641 1086 1713 arida
1100 1641 1226 1717 nostra
1234 1661 1310 1714 nun
1325 1663 1390 1735 po·

321 1742 410 1812 terit
434 1759 630 1833 apparere,
661 1764 732 1815 nec
755 1743 888 1816 habere
906 1737 1072 1814 fiduciam
1096 1740 1319 1833 procedendi
1346 1739 1390 1814 ad

323 1841 453 1914 lucem.
509 1845 737 1928 omniscium,
756 1843 1008 1939 quimuleagit‚
1034 1845 1099 1908 odit
1119 1843 1233 1927 tuum,
1260 1840 1299 1916 U
1321 1865 1390 1910 rron

322 1957 418 2021 venir
435 1942 473 2008 ud
495 1941 616 2024 iuuerit
641 1961 677 2010 ur
696 1969 760 2013 uon
778 1939 1026 2038 manifestentur
1047 1961 1137 2034 opera
1154 1945 1245 2036 ejus,
1273 1940 1311 2017 (5
1336 1947 1389 2011 ui·

321 2041 480 2121 deantur,
500 2041 522 2124 fi
539 2047 575 2111 iu
592 2045 659 2112 Deo
675 2043 752 2123 sunt
766 2044 853 2137 gestu.
910 2043 1002 2140 Quae
1018 2042 1144 2132 utique
1164 2037 1295 2114 fiducia
1309 2059 1390 2118 non

322 2139 426 2210 aliter
447 2139 609 2228 dabitur,
636 2143 696 2214 nisi
718 2147 820 2215 velut
839 2163 946 2233 aquas
965 2141 1169 2233 abjiciamus
1187 2161 1207 2213 a
1226 2139 1334 2212 nobis
1352 2139 1389 2214 dt

321 2235 544 2332 segregemus
560 2240 649 2314 vitia
666 2243 857 2334 corporis,
884 2263 964 2331 quae
987 2239 1066 2312 sunt
1087 2241 1245 2312 muteriae
1261 2261 1389 2332 pecca·

322 2349 455 2411 torum.
509 2342 596 2436 Quo
620 2339 714 2413 fadto
733 2343 803 2433 jam
824 2339 1056 2414 eridanostra
1071 2338 1388 2434 nonpermanebit

321 2439 438 2526 arida,
465 2436 552 2510 ficut
569 2461 613 2510 ex
629 2441 930 2534 consequentibus
949 2439 1159 2513 ostenditur.
1191 2437 1257 2518 Ait
1272 2441 1386 2512 enim:

323 2539 370 2610 Er
391 2556 570 2630 congregata
592 2540 632 2637 efi
645 2567 747 2638 aqua,
772 2567 839 2640 quae
864 2542 903 2635 rfl
919 2541 977 2628 sub
994 2541 1063 2610 rulo
1080 2563 1118 2608 m
1137 2557 1386 2633 crurregarurrer

317 2639 410 2728 suut,
436 2638 473 2714 (¹5
490 2645 639 2736 apparuit
651 2645 751 2711 arida.
806 2640 853 2714 Er
866 2645 996 2710 vocavit
1014 2645 1098 2710 Deus
1111 2640 1234 2708 aridum
1254 2659 1385 2728 terram,

316 2735 634 2832 &congregationes
660 2765 816 2839 aquarum
840 2741 970 2810 vocavit
995 2745 1107 2807 maria.
1170 2737 1271 2811 Sicut
1295 2757 1384 2834 ergo
1419 2795 1423 2802 ‚

319 2837 418 2912 arida
433 2839 508 2910 haec
529 2838 708 2936 segregata
733 2863 752 2912 a
772 2839 806 2914 se
826 2861 940 2932 aqua,
968 2837 1267 2930 quemadmodum
1286 2836 1384 2932 supe·

312 2938 396 3009 ¹rius
418 2937 594 3029 diximus,
620 2943 715 3012 ultra
732 2961 805 3013 non
826 2939 953 3013 mansit
973 2938 1093 3029 arida,
1120 2935 1177 3010 sed
1192 2937 1265 3030 jam
1287 2953 1384 3011 terra

316 3040 545 3113 nominatur:
571 3038 644 3112 hoc
662 3040 774 3113 modo
794 3042 902 3113 etiam
918 3037 1040 3113 nostra
1058 3037 1240 3132 corpora,
1268 3036 1382 3112 irhaee

318 3138 364 3209 ab
389 3138 438 3210 eis
463 3135 764 3233 segregatura,
788 3140 859 3231 J'am
882 3159 957 3211 non
980 3137 1243 3231 permanebunt
1261 3135 1381 3229 arida,

271 3307 274 3312 .
318 3233 378 3310 sed
407 3251 504 3309 terra
525 3239 824 3331 appellabuntur,
861 3261 908 3312 ex
934 3258 980 3309 eo
1003 3237 1101 3328 quod
1123 3235 1276 3309 fruitum
1294 3235 1380 3309 Deo

315 3334 412 3412 ferre
430 3337 500 3428 jam
514 3349 700 3427 poterunt
753 3338 936 3438 Quoniam
951 3337 1094 3430 quidem
1110 3336 1147 3408 in
1162 3336 1268 3409 initio
1280 3337 1380 3432 Deus

317 3437 447 3508 coelum
465 3435 575 3531 feeit,
601 3437 804 3512 &terramz
832 3435 957 3529 postea
969 3455 1062 3509 vero
1079 3436 1168 3510 feeit
1182 3432 1379 3509 firmamen-

315 3549 394 3607 tum
417 3534 559 3626 quidem
580 3537 735 3609 vocavit
760 3537 919 3630 coelum,
954 3537 1093 3609 donans
1118 3537 1152 3609 ei
1172 3535 1250 3628 ejus
1274 3537 1378 3625 coeli,

314 3633 416 3725 quod
434 3648 516 3706 ante
538 3647 727 3708 creaverat
743 3656 893 3712 nomen.
943 3633 1091 3709 Aridum
1112 3655 1206 3706 vero
1224 3636 1378 3727 appella·

317 3732 374 3803 vit
389 3729 541 3822 terram,
569 3756 637 3828 pro
654 3755 724 3827 eo,
753 3733 853 3827 quod
869 3735 903 3809 ei
915 3732 1123 3809 facultatem
1143 3733 1377 3818 ferendorum

315 3830 491 3905 fruetuum
513 3833 711 3929 largiretur.
779 3832 816 3906 Si
838 3834 916 3925 quis
943 3855 1031 3929 ergo
1056 3833 1113 3906 sua
1132 3834 1238 3926 eulpa
1257 3831 1376 3904 aridus

314 3930 430 4003 adhuc
451 3946 591 4025 manet,
618 3935 651 4010 u
678 3932 830 4007 fructum
853 3933 991 4006 nullum
1012 3931 1138 4022 affert,
1171 3928 1231 4004 sed
1260 3929 1374 4026 spinas

313 4030 540 4127 attributos,
566 4037 671 4110 velut
688 4035 778 4132 ignis
798 4030 892 4106 escas
920 4051 1075 4128 gerent,
1102 4030 1293 4105 secundum
1316 4053 1373 4123 ea,

880 4127 949 4224 lt
1252 4149 1337 4221 aa*
