3417 4692
376 379 461 462 192·
694 358 1103 438 onronurs

576 523 614 601 u
668 520 704 599 0
755 465 1102 600 M1t1sn
1174 523 1225 601 u.

671 671 722 739 De
742 666 832 738 Loth
850 663 890 743 ὕ
899 665 1029 760 filiabus
1052 670 1133 765 ejus.
1247 743 1250 750 ,

373 825 691 1008 1.Miiliangeli
709 827 753 902 ad
773 823 1038 903 subverlionem
1052 827 1318 919 Sodomorum,
1344 841 1427 905 curn

394 989 396 994 .
535 927 729 1021 injunbtum
747 942 922 1022 cuperent
938 939 1115 1002 maturare
1130 930 1339 1024 nogotium,
1366 948 1427 1003 cu·

285 1051 288 1058 ’
367 1051 443 1107 ram
456 1031 552 1128 prius
568 1043 698 1125 gerunt
712 1028 860 1125 hospitis
875 1025 997 1124 Loth,
1022 1041 1064 1101 ut
1076 1049 1156 1102 eum
1171 1027 1215 1101 de
1227 1026 1427 1102 imminenti

366 1132 457 1230 ignis
482 1131 657 1224 excidio,
691 1128 998 1222 contemplatione
1018 1127 1267 1224 hospitalitatis
1293 1130 1425 1202 exime·

366 1243 461 1308 rent.
509 1227 646 1304 Audite
666 1231 763 1323 haec,
790 1231 849 1322 qui
870 1229 1066 1326 peregrinis
1090 1228 1252 1302 clauditis
1271 1227 1423 1301 domos:

368 1331 489 1406 audite
505 1331 598 1423 hae,
626 1327 685 1423 qui
696 1327 873 1425 hospitem
886 1329 988 1403 velut
1001 1327 1139 1403 hostem
1152 1327 1287 1401 vitatis.
1322 1327 1424 1400 Loth

366 1429 407 1507 in
421 1428 588 1504 Sodomis
609 1427 803 1506 habitabat.
838 1426 939 1502 ¹lllin
958 1426 1033 1522 ejus
1045 1432 1147 1530 ,bene
1163 1425 1257 1526 gesta
1275 1446 1352 1500 non
1374 1419 1424 1498 le·

368 1534 494 1628 gimus.
544 1524 774 1625 Hospitalitas
798 1527 835 1604 in
854 1551 902 1604 eo
928 1526 1002 1602 sola
1020 1548 1066 1602 ex
1089 1522 1152 1602 usu
1177 1527 1328 1600 veniens
1351 1548 1424 1600 me·

366 1645 547 1708 moratur:
572 1626 694 1704 evadit
703 1633 815 1727 ignes,
825 1628 949 1705 evadit
957 1626 1134 1722 incendia,
1149 1628 1198 1701 ob
1209 1629 1284 1700 hoc
1296 1622 1423 1718 solum,

368 1730 468 1822 quod
483 1725 628 1804 domum
641 1728 735 1806 suam
752 1727 925 1825 patefecit
939 1728 1149 1822 hospitibus.
1198 1724 1424 1819 Hospitalem

367 1829 515 1904 domum
536 1827 651 1926 angeli
671 1826 809 1926 ingressi
833 1825 924 1903 sunt.
977 1826 1117 1904 Clausas
1137 1825 1335 1924 hospitibus
1357 1828 1423 1897 do·

317 1953 319 1958 ·
364 1952 445 2004 anos
466 1930 555 2026 ignis
575 1923 743 2025 ingressus
762 1927 823 2004 eit
876 1928 974 2030 Quid
990 1945 1077 2026 ergo
1099 1925 1143 2001 ad
1157 1926 1334 2022 hospitem
1349 1945 1422 2018 pro

362 2028 613 2122 hospitalitatis
627 2027 751 2102 officiis
766 2029 886 2120 dicant
900 2029 1015 2126 angeli
1025 2029 1220 2103 videamus.
1274 2029 1315 2099 In
1331 2049 1423 2096 mon.

364 2147 449 2217 retr,
474 2123 660 2220 inquiunt,
685 2127 872 2221 salvamfnc
885 2134 1025 2200 animam
1043 2145 1132 2200 ruam
1147 2149 1224 2216 „ne
1231 2125 1323 2219 sorte
1342 2151 1422 2195 com·

359 2229 578 2329 prehenderit
625 2225 715 2302 Erat
729 2228 871 2321 quidem
883 2224 1066 2322 hospitalis
1085 2225 1208 2320 Loth,
1232 2227 1292 2319 qui
1313 2225 1420 2302 etiam

363 2327 474 2425 (licut
491 2327 523 2402 ei
534 2324 704 2423 scriptura
715 2324 955 2406 testimonium
965 2327 1068 2426 tulit)
1084 2334 1128 2403 ab
1141 2327 1288 2402 interitu
1303 2328 1422 2420 latuit,

362 2428 495 2524 angelis
509 2425 666 2522 hospitio
684 2429 851 2522 receptis.
903 2427 974 2503 Sed
986 2449 1062 2502 non
1079 2429 1214 2503 eratita
1225 2425 1420 2520 persedus,

362 2541 405 2602 ut
425 2527 540 2602 statim
563 2526 608 2601 de
624 2527 791 2604 Sodomis
810 2527 956 2623 exiens,
989 2544 1149 2604 montem
1169 2525 1285 2622 posset
1303 2523 1421 2599 ascen·

362 2628 459 2704 dere.
510 2623 753 2702 Persedlorum
775 2649 927 2720 namque
951 2626 1002 2702 est
1021 2627 1159 2702 dicere:
1196 2629 1327 2699 Levavi
1345 2649 1420 2699 oeu-

359 2729 405 2800 los
421 2753 499 2800 meos
511 2732 549 2799 in
566 2747 707 2824 montes,
730 2732 812 2800 unde
824 2735 933 2801 veniet
946 2729 1100 2800 auxilium
1117 2731 1207 2800 mihi.
1244 2725 1313 2800 iste
1327 2743 1416 2823 ergo

358 2848 479 2920 neque
497 2826 576 2900 talis
594 2843 692 2922 erat,
719 2832 779 2923 qui
792 2829 888 2921 inte-r
902 2829 1106 2903 sodomitas
1118 2830 1235 2922 perire
1254 2828 1418 2920 deberet,

359 2944 479 3021 neque
491 2942 615 3002 tantus·
626 2929 721 3023 erat,
749 2931 809 3022 qui
826 2950 907 3002 cum
916 2929 1095 3003 Abraham
1109 2929 1147 3001 in
1163 2928 1417 3001 excelfioribus

359 3021 480 3124 posset
500 3028 672 3110 habitare.
725 3024 761 3102 Si
780 3029 875 3104 enim
896 3023 1015 3102 suisset
1034 3029 1132 3122 talis,
1158 3046 1347 3120 numquam
1372 3022 1417 3100 ad

358 3150 442 3202 eum
459 3128 595 3203 diceret
610 3128 812 3204 Abraham:
841 3134 882 3200 Si
896 3146 933 3201 tu
948 3131 990 3204 ad
1009 3132 1174 3215 dextram,
1205 3151 1254 3224 ego
1273 3131 1313 3199 ad
1332 3130 1417 3225 fini-

348 3229 473 3327 strom,
499 3227 597 3322 uurfi
616 3249 653 3301 ru
672 3234 713 3302 ad
727 3229 905 3330 fim'flrom,
927 3254 976 3324 ego
994 3233 1034 3302 ari
1048 3232 1211 3302 dextram:
1236 3245 1304 3302 nec
1319 3228 1416 3303 habi·

357 3329 477 3402 tacule
499 3330 531 3402 ei
547 3323 770 3404 Sodomitica
792 3329 1009 3424 placuissent.
1060 3327 1150 3403 Erat
1172 3347 1257 3424 ergo
1277 3329 1415 3408 medius

357 3428 498 3520 quidam
525 3430 618 3502 inter
645 3429 884 3524 perfectos&
909 3427 1085 3524 perditos.
1134 3423 1183 3502 Et
1205 3427 1316 3502 sciens
1336 3447 1415 3502 non

356 3524 558 3601 convenire
582 3525 718 3603 viribus
746 3529 842 3625 suis,
876 3543 918 3602 ut
937 3527 1144 3605 ascenderet
1167 3531 1203 3603 in
1230 3541 1415 3618 montem,

355 3627 520 3722 religiose
537 3627 572 3701 δι
587 3629 768 3705 humiliter
784 3629 929 3705 excusat
941 3628 974 3703 se
987 3632 1129 3704 dicens:
1154 3634 1234 3703 Non
1249 3623 1365 3725 pffhn
1379 3636 1416 3703 in

355 3744 494 3796 montem
507 3729 719 3822 salvu'sfieri,
740 3733 946 3821 [educebas
964 3735 1084 3801 civitas
1092 3732 1201 3828 puſsda
1219 3731 1282 3826 efl,
1309 3732 1347 3805 U
1362 3734 1415 3800 tic

351 3826 517 3915 salvabor,
544 3827 582 3906 0
603 3854 670 3901 nm
686 3833 726 3913 eli
745 3834 864 3927 pupilla.
913 3823 1086 3928 Ingressus
1108 3850 1199 3903 vero
1227 3831 1340 3924 Segor
1363 3831 1414 3902 ei-

355 3925 507 3999 vitatem
522 3928 679 4021 pusillam
695 3932 730 4004 in
746 3955 786 4005 ea
802 3928 971 4005 salvetur.
1022 3925 1071 4001 Et
1083 3930 1164 4023 post
1181 3930 1257 4002 haec
1275 3949 1355 4001 cum
1372 3921 1413 4002 fi·

354 4019 468 4146 liebus
487 4022 641 4105 ascendit
655 4029 693 4105 ln
705 4045 880 4110 montem.
931 4023 1063 4126 Neque
1077 4029 1170 4110 enim
1184 4031 1228 4105 de
1245 4027 1413 4204 SFdomis

1248 4149 1268 4203 a
1283 4147 1364 4204 cen·
