3417 4692
316 427 386 502 152
639 401 1044 485 ORIGENIS

315 573 356 671 cll
372 571 464 666 super
482 585 599 644 terrm
617 569 706 664 bobis
730 573 793 642 erit
810 569 850 642 ad
868 568 984 656 escam,
1019 567 1063 642 de
1082 568 1200 642 bestiis
1219 585 1297 642 non
1316 568 1367 642 di·

315 672 395 764 xit,
422 671 503 762 quia
520 669 600 742 dedi
617 670 666 744 eis
691 669 733 743 ad
756 667 868 744 escam
887 671 964 742 hec
985 669 1124 742 omnia.
1151 668 1209 742 sed
1225 674 1288 740 erit
1302 669 1368 738 illis

315 771 476 862 adescant:
503 783 546 842 ut
560 765 748 844 secundum
766 766 955 862 spiritalem
971 769 1168 858 rationem,
1189 787 1292 858 quam
1308 787 1369 840 ex·

314 869 516 966 posuimus,
543 863 688 964 assessus
705 867 759 942 isti
781 867 1023 964 intelligentur
1037 867 1173 940 homini
1191 867 1332 956 quidem
1348 888 1369 939 a

314 969 402 1043 Deo
416 971 485 1042 dati
500 967 589 1064 esse,
615 967 847 1064 prenunciari
862 982 981 1042 tamen
995 987 1016 1038 a
1028 966 1135 1058 Deo,
1151 967 1248 1057 quod
1263 977 1371 1038 erunt

316 1071 423 1142 etiam
449 1067 566 1142 bestiis
592 1081 695 1140 terre
716 1069 753 1142 in
776 1067 905 1142 cibum.
953 1066 1042 1140 ldeo
1068 1085 1155 1161 ergo
1176 1065 1369 1140 cautissimo

315 1167 376 1240 usa
391 1167 442 1242 est¹
458 1165 617 1244 sermone
630 1165 800 1262 scriptura
814 1167 956 1260 divina,
983 1187 1060 1260 que
1073 1164 1277 1238 hominibus
1294 1167 1370 1256 qui·

317 1265 400 1340 dem
421 1267 471 1342 ait
493 1269 611 1342 dicere
626 1265 766 1361 Deum,
794 1269 881 1340 Dedi
898 1267 984 1338 salis
1003 1268 1065 1334 lac
1082 1269 1123 1334 ad
1137 1269 1241 1351 escam
1293 1263 1370 1338 Ubi

318 1381 436 1440 autem
451 1367 494 1439 ad
509 1365 634 1440 bestias
654 1368 775 1458 venit,
801 1387 878 1439 non
889 1365 1071 1460 jubentis,
1096 1363 1155 1438 sed
1175 1363 1267 1456 quasi
1283 1385 1372 1456 prae·

318 1465 470 1539 dicentis
497 1463 752 1562 fignificatione
776 1465 889 1558 dicit,
929 1466 1011 1556 quia
1034 1465 1110 1538 haec
1134 1477 1239 1536 erunt
1263 1464 1372 1540 etiam

316 1563 436 1640 bestiis
460 1565 493 1638 u
515 1565 724 1640 volucribus
749 1566 782 1638 dr
808 1564 1030 1658 serpentibus
1055 1564 1098 1636 ad
1119 1562 1243 1638 escam.
1299 1561 1371 1636 Sed

316 1684 387 1738 nos
410 1663 600 1738 secundum
628 1663 780 1756 apostoli
804 1665 903 1738 Pauli
924 1665 1131 1738 sententiam
1149 1661 1372 1736 attendemus

317 1763 486 1858 leslioni,
512 1779 554 1836 ut
577 1765 763 1858 pellimus,
792 1766 883 1837 srcut
898 1763 971 1856 ipse
987 1765 1059 1854 alt,
1087 1762 1219 1836 sensum
1243 1759 1397 1834 christi

318 1864 484 2035 {bissi
495 1862 811 2036 ’dissimilis
825 1861 1228 2040 ”soisssissssliii
1241 1863 1375 2053 dlis

318 2080 397 2134 rum
416 2061 478 2134 vel
498 2081 648 2152 canum,
674 2061 731 2134 sed
749 2015 838 2136 tales
857 2083 916 2136 eas
938 2081 1173 2154 preparemus
1186 2061 1223 2132 in
1242 2059 1374 2152 nobis,

320 2161 448 2252 quibus
466 2159 607 2256 dignum
622 2161 666 2235 srt
680 2161 802 2256 suscipi
818 2163 857 2240 iu
869 2161 1025 2256 hospitio
1037 2161 1157 2234 cordis
1170 2157 1282 2232 nostri
1293 2178 1375 2228 ver-

318 2259 405 2332 bum
421 2279 463 2332 ac
480 2255 590 2334 filium
614 2261 684 2334 Dei
705 2263 911 2342 venientem
929 2283 1010 2334 cum
1029 2275 1131 2354 patre
1144 2256 1228 2350 sno,
1254 2259 1376 2330 &vo-

319 2359 454 2432 lentem
470 2357 589 2434 facere
604 2360 696 2456 apud
710 2381 779 2436 uos
791 2359 1008 2438 manfionem
1028 2363 1063 2432 in
1086 2357 1219 2452 Spiritu
1239 2355 1374 2452 saneto,

321 2458 423 2549 cujus
446 2459 543 2552 prius
571 2461 743 2556 templum
773 2483 839 2558 per
867 2458 1081 2540 sanstitatem
1108 2458 1276 2532 debemus
1303 2458 1376 2530 exi·

320 2554 424 2730 ige.
498 2557 566 2660 Ipsi
606 2561 720 2660 gloria
750 2562 789 2640 in
826 2573 959 2640 aeterna
990 2558 1115 2634 saecula
1152 2556 1373 2634 seculorum.

397 2678 453 2734 en.
570 2697 574 2702 -

323 2861 1373 2892 man—affl

587 2997 978 3078 'HOMILIA
1028 2999 1081 3078 11.

424 3163 478 3236 De
497 3160 624 3262 fabrica
647 3185 742 3246 arca,
766 3159 807 3242 tl
829 3188 954 3254 eorum,
978 3187 1044 3264 qua
1069 3165 1107 3234 in
1131 3187 1167 3234 ea
1183 3161 1276 3252 sunt.

325 3363 560 3538 Incipientes
586 3363 631 3438 de
649 3384 751 3458 arca,
778 3385 854 3456 que
874 3365 1063 3440 secundum
1081 3361 1284 3440 mandatum
1305 3359 1379 3438 Dei

388 3485 408 3536 a
430 3461 517 3538 Noe
535 3463 735 3550 construdla
755 3463 831 3559 est,
857 3465 1043 3559 disserere,
1076 3467 1193 3558 primo
1218 3463 1379 3536 omnium

326 3562 534 3658 videamus,
561 3585 638 3658 que
660 3565 703 3638 de
726 3587 768 3638 ea
789 3563 980 3640 secundum
1001 3565 1138 3638 literam
1154 3561 1316 3637 referunt
1367 3583 1378 3602 ·

329 3661 364 3735 dt
397 3661 606 3756 questiones
637 3680 904 3758 proponentes,
937 3683 1015 3757 que
1038 3663 1150 3758 objici
1174 3684 1195 3736 a
1217 3581 1400 3755 plurib

327 3759 464 3855 solent,
492 3761 598 3836 etiam
621 3759 864 3838 absolutiones
882 3785 1003 3838 earum
1017 3785 1063 3838 ex
1077 3765 1153 3855 his,
1180 3781 1256 3855 que
1272 3759 1379 3834 nobis

327 3861 409 3936 sunt
424 3883 444 3935 a
459 3861 652 3952 majoribus
674 3862 822 3956 tradite,
847 3867 1084 3960 requiramust
1108 3877 1150 3934 ut
1167 3881 1246 3934 com
1265 3859 1379 3951 huius·

331 3959 472 4034 cemodi
485 3959 714 4036 fundamenta
726 3963 936 4056 jecerimus,
963 3965 1007 4037 ab
1020 3961 1173 4040 historie
1183 3975 1286 4033 textu
1299 3957 1380 4053 pos·

328 4057 432 4150 fimus
449 4057 636 4142 escendere
652 4061 696 4142 ad
714 4061 876 4162 spiritalis
889 4063 1131 4172 intelligentie
1147 4061 1332 4236 mylficum
1345 4059 1382 4134 δι

1202 4183 1226 4236 a
1248 4181 1332 4258 ego·
