3417 4692
397 381 1289 462 commnnraainiuounnsim.
1343 407 1389 482 39
1448 335 1452 342 ’

325 543 503 642 potuisse,
529 568 606 639 quae
623 548 660 619 in
677 549 747 620 alio
770 547 966 640 quopiam,
993 545 1113 620 aliisve
1137 546 1296 638 pluribus
1317 547 1392 637 iam

272 721 278 728 ,
327 660 412 720 ante
427 647 655 744 contigerint.
684 647 867 746 Quidquid
879 649 971 720 enim
984 646 1077 718 aliud
1092 643 1265 738 efficitur,
1290 647 1389 738 prius

326 744 396 820 ell'e
409 746 527 820 debet.
554 744 666 840 Atqui
680 766 859 820 exenium
872 749 1073 838 praeceptis,
1089 745 1149 837 qui
1162 758 1273 817 artem
1289 743 1391 820 istam

323 839 568 939 profitentur,
601 867 678 937 quae
696 847 757 918 tali
782 846 849 918 situ
866 847 988 939 priora
1011 845 1112 934 sunt,
1137 865 1195 917 ies
1216 845 1388 918 humanat

322 946 518 1039 praedicere
541 946 739 1034 censentur.
783 949 928 1044 Quippe
951 947 1011 1020 fibi
1030 946 1123 1017 enim
1141 943 1282 1017 hoeisti
1299 945 1390 1018 sum·

323 1060 417 1136 unt,
445 1060 487 1116 ut
505 1047 567 1118 ubi
584 1046 690 1118 semel
711 1047 836 1119 horam
856 1047 960 1119 unius
983 1046 1130 1136 alicujus
1149 1045 1305 1118 hominis
1320 1043 1389 1118 fin·

324 1145 483 1241 gularem
506 1159 633 1237 certo,
661 1147 814 1236 quodam
839 1146 952 1219 modo
977 1143 1300 1238 deprehenderint,
1327 1164 1388 1216 eii·

322 1246 507 1342 ploratum
527 1244 587 1338 ipsi
606 1249 784 1318 continuo
805 1245 980 1338 habeant,
1008 1264 1157 1336 ecquem
1174 1242 1216 1315 ad
1234 1263 1387 1336 perpen-

324 1344 481 1416 diculum
504 1341 653 1418 siderum
675 1347 868 1418 errantium
885 1346 1071 1437 quodlibet
1092 1344 1193 1417 situm
1209 1343 1246 1414 in
1264 1342 1331 1415 hae
1344 1343 1386 1415 il·

322 1445 406 1515 lave
417 1443 509 1539 'hgni
526 1459 648 1537 parte,
675 1444 850 1536 partisque
866 1445 1022 1518 minutiis
1042 1443 1246 1530 obtineret3
1271 1441 1387 1515 simul·

323 1565 394 1635 que
412 1537 592 1634 quodnam
616 1543 754 1616 zodiaci
780 1543 906 1616 astrum
921 1545 957 1616 in
978 1544 1143 1616 orientali
1167 1541 1385 1632 horizonte,

321 1643 504 1733 quodnam
518 1644 556 1716 in
571 1644 786 1717 occidentali
799 1643 1019 1732 versaretur,
1045 1663 1204 1731 quennm
1215 1642 1302 1716 item
1313 1639 1386 1714 ine·

323 1743 419 1815 dium
444 1740 624 1836 utriusque
641 1743 865 1836 hemispherii
886 1746 1009 1816 caelum
1035 1738 1182 1815 adversa
1204 1740 1386 1834 positione

323 1856 559 1933 occuparent.
610 1841 732 1933 Atque
749 1843 809 1916 ubi
828 1841 942 1915 stellas
958 1865 1039 1932 eas,
1065 1859 1212 1932 quarum
1230 1835 1294 1913 fibi
1313 1839 1385 1911 ani·

319 1961 382 2014 mo
401 1939 549 2036 figuram
571 1942 767 2036 videntur,
795 1941 828 2014 dt
854 1944 1137 2016 collocationem
1160 1935 1385 2031 informasse,

319 2041 395 2114 hoc
412 2043 525 2112 illove
549 2040 615 2114 situ
632 2040 693 2115 sub
723 2043 870 2134 alicujus
891 2059 1011 2115 ortum
1037 2039 1137 2113 fuisse
1157 2036 1384 2130 posuerunt3

319 2153 398 2212 tum
417 2141 440 2212 ii
459 2161 552 2214 vero
576 2163 621 2214 ex
638 2143 701 2214 illo
724 2139 800 2236 ipso
819 2157 1011 2234 tempore,
1046 2161 1119 2231 quo
1140 2138 1256 2211 editus
1279 2139 1316 2210 in
1334 2139 1401 2212 lu·.

320 2261 400 2312 cem
415 2240 443 2311 is
460 2238 531 2333 est,
559 2243 657 2333 cujus
678 2241 791 2315 satum
807 2243 999 2331 rimantur,
1026 2260 1103 2312 non
1119 2239 1239 2312 futura
1255 2235 1383 2328 modo,

319 2337 502 2414 sedetiam
521 2343 721 2433 preterita,
750 2363 898 2433 quaeque
916 2341 1069 2434 ejusdem
1089 2339 1121 2410 di
1141 2354 1261 2410 ortum
1286 2336 1318 2407 d:
1335 2336 1385 2408 sa·

318 2453 396 2511 tuin
423 2437 698 2533 antecesserint,
734 2443 957 2535 conjiciunt3
991 2441 1130 2532 qualem
1156 2435 1229 2530 ipse
1245 2441 1384 2530 patrem

320 2539 475 2625 habeat3
495 2539 644 2613 diuitem
656 2561 699 2612 an
715 2553 880 2628 tenuein3
898 2542 1027 2636 integri
1044 2537 1233 2629 corporis,
1252 2555 1295 2607 an
1309 2555 1384 2607 mu·

318 2639 396 2724 iili3
417 2637 523 2709 bonis'
538 2661 582 2711 an
592 2641 690 2712 malis
702 2642 883 2729 moribus3
899 2644 1060 2733 amplane
1079 2658 1121 2708 an
1134 2632 1325 2729 angustare
1336 2633 1384 2722 fa·

316 2737 465 2827 miliari,
481 2740 554 2812 hoc
562 2761 606 2811 aii
615 2740 702 2811 illud
714 2741 943 2831 complexum
954 2741 1039 2810 vitae
1050 2755 1176 2832 genus3
1191 2732 1385 2824 similiaque

317 2851 391 2909 tam
403 2837 583 2931 dematre,
595 2861 697 2929 quam
710 2840 753 2910 de
766 2838 983 2930 fratribus,si
999 2836 1059 2928 qui
1073 2835 1154 2926 sint,
1171 2847 1259 2906 natu
1273 2832 1384 2922 majo-

316 2937 417 3009 ribus
433 2940 629 3029 inquirunt.
669 2938 753 3034 Nos
769 2958 884 3030 vero,
912 2953 954 3008 ut
967 2937 1090 3010 demus
1106 2929 1385 3024 interim·(quod

314 3035 427 3131 ipsum
447 3050 566 3111 tamen
580 3037 653 3111 falsi
672 3037 795 3131 postea
814 3033 1071 3134 coarguemus)
1090 3031 1261 3123 exquisite
1279 3031 1323 3100 ab
1341 3029 1384 3100 iis

315 3150 434 3208 totam
451 3138 547 3210 illam
568 3137 651 3211 litus
673 3137 871 3229 astrorum,
903 3137 1049 3227 locique
1066 3134 1244 3204 rationem
1267 3127 1384 3200 teneri

316 3233 445 3329 polle:
482 3257 675 3326 queramus
703 3259 747 3311 eii
772 3237 814 3309 iis
837 3253 982 3326 tamen,
1013 3238 1074 3325 qui
1093 3234 1200 3304 rebus
1221 3227 1383 3302 humanis

316 3336 393 3407 vim
411 3357 430 3408 a
448 3336 618 3410 sideribus
635 3335 753 3409 afferri
769 3351 921 3429 putant,
948 3337 1007 3428 qui
1024 3333 1168 3407 tandem
1185 3330 1382 3403 hodiernus

314 3433 381 3507 iste
399 3435 482 3507 situs
501 3456 620 3510 rerum
638 3451 804 3528 tempore
820 3434 1045 3529 superiorum
1061 3432 1161 3504 causa
1183 3427 1253 3502 elle
1267 3426 1383 3522 pollit.

315 3532 413 3606 Nam
437 3534 472 3607 id
491 3534 515 3608 si
536 3533 615 3610 fieri
635 3538 736 3608 nullo
755 3537 867 3609 modo
893 3534 1035 3628 potest,
1061 3529 1228 3622 proferro
1254 3529 1383 3617 etiam,

316 3633 399 3704 dum
417 3635 458 3705 iis
476 3635 640 3709 derebus
655 3638 732 3707 veri
749 3635 926 3727 quidpiam
941 3634 1029 3706 nihil
1049 3633 1252 3718 inuenitur,
1279 3627 1384 3718 plane
1404 3659 1421 3678 ν

315 3728 539 3825 consequens
557 3735 632 3829 est,
659 3750 701 3807 ut
717 3735 867 3828 praesens
884 3735 943 3807 hic
961 3731 1134 3805 astrorum
1152 3731 1189 3801 in
1204 3727 1292 3799 celo
1307 3743 1384 3795 nio·

314 3846 401 3925 tus,
436 3855 513 3923 quae
533 3837 604 3927 jam
625 3847 707 3910 ante
728 3837 983 3930 contigerunt,
1017 3851 1120 3922 quam
1150 3824 1323 3920 ejusmodi
1344 3822 1384 3898 si·

313 3945 392 4004 tum
408 3934 639 4029 obtinerent,
666 3933 808 4007 efficere
829 3955 907 4006 non
927 3933 1101 4027 potuerit.
1155 3924 1268 4027 Quod
1293 3923 1385 4032 slim
1447 3927 1450 3962 ⁵

312 4030 388 4129 est,
415 4032 592 4130 lorte'qui
609 4034 857 4110 veritatemiis
878 4033 951 4106 hoc
967 4034 1004 4106 in
1026 4050 1159 4129 genere
1174 4025 1384 4118 concedet,
1440 3971 1450 4116 ¹

814 4131 845 4207 C
870 4155 894 4223 4
1261 4142 1349 4214 qer-
1437 4147 1441 4152 ·
