3417 4692
371 341 461 480 *aaa
712 393 1127 476 onlonnls
1203 493 1207 500 ¹

281 627 285 636 .
388 555 584 658 apparuisse
605 562 639 636 ei
657 559 848 638 Dominus.
901 561 997 636 Nam
1013 582 1078 655 per
1102 557 1298 655 prophetae
1314 556 1453 652 juravit

385 661 592 760 Dominus,
618 661 652 734 ἀ
673 673 749 736 non
767 662 979 757 poenitebit,
1006 662 1104 753 quod
1124 657 1198 754 ipse
1224 661 1266 732 s1t
1284 659 1450 734 sacerdos

386 763 424 835 in
450 757 840 836 aeternumsecundum
868 761 1031 834 ordinem
1062 759 1338 833 Melchisedech.
1389 756 1452 832 Ad

369 871 536 956 puteum
555 878 595 933 er
619 880 643 932 o
658 861 872 955 juramenti,
898 859 1060 934 visus'est
1078 861 1110 933 ei
1128 860 1249 952 Deus,
1274 860 1394 931 futura
1411 859 1450 931 in

385 981 436 1034 eo
458 962 575 1053 promi
604 955 869 1035 aconfirmanS.
923 963 969 1034 Et
988 962 1157 1050 edificavit
1170 961 1213 1028 ibi
1225 962 1329 1030 altare
1348 956 1449 1048 Isaac,

385 1059 427 1138 σ
446 1064 615 1131 invocavit
639 1083 753 1130 nomm
777 1063 935 1141 Domini,
967 1061 1008 1134 si
1022 1062 1107 1152 fixit
1129 1059 1191 1129 tibi
1212 1060 1451 1129 tabernaculum

383 1159 486 1252 suum.
541 1159 701 1230 siderum
719 1177 823 1230 autem
841 1158 888 1228 iii
898 1165 989 1255 pueri
1007 1161 1088 1249 Isaac
1096 1176 1240 1330 gaietem.
1278 1155 1451 1232 AEdificat

365 1277 368 1286 ·
385 1259 532 1352 quidem
550 1258 644 1332 Isaac
664 1259 771 1333 etiam
792 1261 902 1331 astare
918 1261 956 1331 in
972 1261 1072 1355 lege,
1144 1254 1223 1354 figit
1240 1255 1452 1330 tabernacu-

366 1355 461 1432 ium
482 1339 592 1435 suum.
644 1356 685 1432 In
705 1355 909 1453 Evangeliis
934 1375 1051 1451 vero,
1077 1378 1154 1432 non
1180 1358 1450 1448 tabernacnium

383 1449 487 1554 figit,
519 1453 579 1546 sed
602 1458 749 1532 domum
771 1453 947 1552 aedificat,
981 1458 1015 1530 iia
1040 1453 1313 1532 fundamentum
1333 1457 1451 1528 colio·

251 1647 253 1662 Ι
353 1567 457 1634 ,ἐπι
506 1555 605 1632 Audi
632 1558 724 1630 enim
750 1557 930 1641 dicentem
952 1558 1166 1651 Sapientiam
1190 1556 1234 1628 de
1262 1554 1450 1630 Ecclefia:

386 1661 573 1753 Sapientia,
598 1657 727 1752 inquit,
752 1659 923 1746 edificavit
931 1657 990 1751 fibi
1007 1662 1136 1743 domum,
1162 1656 1200 1730 U
1209 1658 1367 1749 supposuit
1376 1655 1448 1751 sep·

385 1773 448 1829 aem
465 1757 633 1828 caiam.
684 1755 782 1830 Audi
797 1756 843 1830 de
861 1757 935 1830 hoc
955 1757 1061 1830 otiam
1082 1755 1226 1828 Paulum
1247 1755 1449 1832 dicentema

391 1857 645 1940 Findamentum
665 1863 751 1928 enim
776 1879 863 1927 memo
875 1858 971 1953 peresi
985 1877 1122 1954 ponere,
1145 1873 1260 1950 praeter
1281 1856 1337 1936 id,
1367 1854 1450 1952 quod

366 2013 371 2021 ,
377 1957 510 2058 popinam
528 1957 586 2046 epi,
618 1962 676 2054 qui
697 1956 736 2052 ‘fl
759 1957 856 2052 Jtsns
881 1957 1034 2052 corpus.
1084 1953 1159 2027 Ubi
1177 1974 1263 2050 ergo
1283 1955 1448 2025 taberna·

361 2057 506 2146 ,auium
527 2053 602 2146 est,
631 2054 767 2128 etiamsi
784 2051 939 2151 figatur,
973 2056 1045 2128 fine
1066 2055 1176 2127 dubio
1194 2050 1448 2127 resolvendum

280 2219 282 2223 .
383 2152 460 2226 esti
480 2153 542 2226 ubi
555 2169 648 2226 vero
663 2154 895 2228 fundamenta
912 2153 1012 2246 sunt,
1037 2151 1190 2244 &supra
1210 2155 1346 2245 petram
1366 2152 1447 2224 aedi-

383 2251 513 2326 ficetur
534 2251 685 2345 domus,
710 2273 891 2344 nunquam
907 2252 1100 2326 resolvitur
1118 2252 1244 2324 domus
1258 2253 1326 2324 ilia.
1352 2248 1448 2324 Fun·

278 2417 281 2424 .
382 2351 467 2424 data
482 2353 576 2425 enim
598 2351 648 2426 est
668 2351 771 2445 supra
790 2363 938 2447 petram.
989 2352 1098 2424 Fodit
1122 2352 1291 2424 tannen&
1316 2351 1363 2421 ibi
1381 2372 1447 2441 pu·

381 2465 482 2525 teum
509 2449 633 2543 Isaac,
669 2471 919 2543 necunquam
946 2449 1053 2524 cessat
1077 2465 1208 2545 puteos
1238 2449 1445 2544 fodiendo,

384 2552 503 2623 donec
523 2553 662 2624 oriatur
686 2549 771 2630 sons¹
794 2571 892 2643 aquae
911 2553 1030 2645 vivae,
1064 2549 1269 2623 &fluminis
1290 2548 1448 2641 impetun

382 2645 541 2723 iaetificet
562 2652 745 2723 civitatem
764 2647 847 2727 Dei.

460 2770 491 2840 3.
517 2748 638 2822 Sed&
656 2749 866 2824 Abimelech
884 2752 898 2842 3
924 2751 984 2823 iile
1004 2750 1062 2842 qui
1084 2748 1215 2821 dudum
1238 2748 1445 2823 honorave-

381 2861 440 2921 rat
458 2847 657 2935 Abraham,
684 2845 789 2921 venit
805 2867 902 2921 nunc
919 2870 998 2922 cum
1019 2849 1139 2923 amicis
1154 2847 1221 2919 suis
1238 2846 1281 2919 de
1300 2846 1444 2917 Geraris

278 3035 280 3040 Ι
382 2948 426 3020 ad
449 2946 558 3021 isaac:
583 2946 722 3021 Erdicn
738 2950 802 3019 iilis
817 2952 925 3034 Isaac:
950 2949 1038 3042 Quid
1060 2947 1189 3043 venistis
1208 2949 1248 3017 os
1274 2941 1348 3017 me?
1379 2949 1444 3016 Vos

334 3129 336 3139 Ι
380 3053 466 3118 enim
487 3048 590 3145 odistis
620 3073 689 3135 me,
714 3044 753 3125 6
773 3047 899 3145 ejecistis
918 3074 964 3119 me
983 3076 1004 3119 a
1025 3048 1121 3123 vobis.
1171 3048 1224 3119 Ad
1244 3047 1307 3116 nac
1329 3046 1377 3116 isi
1395 3068 1445 3115 re·

373 3149 552 3243 spondent:
581 3150 752 3235 Wdenses,
782 3147 971 3241 inquiunt,
996 3149 1155 3234 oidimm,
1182 3151 1256 3244 quio
1271 3146 1311 3243 esi
1331 3148 1446 3214 Domi·

379 3271 444 3317 nus
464 3263 582 3335 tecam,
607 3250 646 3325 (5
662 3249 823 3319 diximust
863 3251 940 3318 mat
959 3251 1135 3345 cmjumio
1152 3250 1312 3317 internos
1333 3242 1372 3319 o
1393 3261 1443 3331 te,

380 3345 419 3421 U
438 3346 662 3445 constituamus
676 3364 774 3418 taum
787 3343 934 3441 possum,
959 3371 1000 3416 ne
1008 3346 1118 3440 facins
1134 3347 1291 3436 nobiscnm
1306 3344 1444 3432 malum,

382 3446 448 3521 διε.
499 3445 568 3519 Iste
587 3444 826 3538 Abimelech‚
851 3460 894 3517 ut
911 3445 1044 3540 video,
1072 3467 1147 3519 non
1163 3443 1298 3538 semper
1318 3464 1445 3537 pacem
1469 3441 1471 3445 ’

377 3545 488 3618 habet
508 3567 587 3618 cum
610 3545 731 3637 Isaac,
765 3544 824 3618 sed
845 3546 1033 3636 aliqnando
1058 3543 1218 3636 diffidet,
1250 3543 1442 3636 aliquando

378 3663 505 3737 pacem
521 3645 678 3737 requirit.
703 3643 738 3715 Si
754 3644 980 3739 meministis,
1001 3646 1189 3737 quomodo
1206 3645 1243 3715 in
1256 3642 1447 3736 superiori-

379 3745 446 3817 bus
474 3744 625 3817 diximus
647 3744 692 3818 de
717 3743 954 3835 Abimelech‚
990 3744 1089 3835 quod
1112 3742 1299 3839 personam
1320 3754 1445 3816 teneat

378 3843 672 3918 studiosorum&
697 3841 903 3939 sapientium
928 3841 1071 3937 saecuii,
1101 3845 1160 3936 qui
1182 3863 1247 3936 per
1272 3841 1445 3916 eruditio·

377 3961 460 4016 nem
476 3941 732 4036 philosophie,
765 3944 874 4015 multa
905 3943 1076 4017 etiamen
1100 3943 1256 4016 veritate
1281 3960 1445 4034 compre·

341 4041 604 4138 ¹'henderunt,
629 4043 829 4140 intelligere
847 4041 1026 4138 potestis,
1060 4040 1248 4137 quomodo
1276 4042 1334 4213 h}c
1364 4060 1446 4116 cum

901 4155 919 4176 ··
1279 4141 1398 4238 laac,
