3417 4692
276 395 298 446 ’-
390 417 462 499 292
546 335 1118 472 asonronnrs
1236 397 1316 472 ,··

387 577 536 656 proco,
554 554 652 648 quod
667 557 790 630 dicunt
802 569 940 650 partem
951 553 1194 652 tribusJudae,
1213 571 1314 646 quam
1324 552 1361 628 in
1375 563 1449 626 ter·

388 680 437 732 rae
450 656 655 730 haereditate
669 654 832 753 suscepit,
849 656 899 729 ita
911 654 1078 729 refertam
1094 654 1301 745 essevineis,
1317 665 1359 726 ut
1369 667 1449 728 tan·

389 779 492 849 quarn
507 756 608 828 nullo
619 756 762 830 alterius
776 757 915 854 generis
924 751 1097 828 existente
1110 755 1269 849 virgulto
1284 766 1385 826 tanta
1394 755 1452 826 vi-

386 859 434 930 tis
452 853 521 930 effe
536 856 642 949 copia
653 856 841 946 videatur,
858 870 900 928 ut
918 875 964 927 ne
981 854 1108 927 animal
1123 851 1264 945 quidem
1282 852 1448 948 alligandi

388 956 432 1029 ad
445 955 538 1032 aliud
549 975 660 1050 genus
674 956 810 1027 arboris
827 955 931 1028 detur
946 953 1107 1028 facultas.
1136 951 1205 1025 Sed
1218 952 1315 1041 haec,
1337 967 1378 1024 ut
1396 954 1450 1026 di-

385 1056 529 1147 ximus,
554 1054 825 1150 Judaicamagis
847 1066 1050 1126 commenta
1070 1053 1307 1125 videbuntur:
1332 1052 1444 1128 nobis

387 1167 506 1230 autem
515 1151 718 1246 mystica&
729 1155 808 1247 plus
819 1154 924 1226 etiam
937 1154 961 1226 sr
974 1149 1239 1246 solasrtplacet
1251 1150 1444 1244 expositio.

459 1261 496 1333 8.
524 1254 666 1324 melu
684 1257 722 1322 in
736 1257 816 1323 vino
833 1254 944 1350 Jlolam
956 1254 1069 1342 suam,
1088 1254 1126 1328 aii
1145 1257 1183 1320 ln
1191 1252 1347 1342 stangume
1362 1275 1445 1344 ‘uva

384 1349 533 1427 amilium
543 1352 647 1440 suun.
674 1350 953 1426 Videbuntur&
967 1352 1042 1424 haec
1057 1363 1228 1443 quantum
1243 1349 1285 1421 ad
1301 1348 1446 1424 histoli·

385 1473 465 1526 cam
479 1450 741 1544 expositionem
763 1472 884 1548 agrum
902 1450 1057 1525 fertilem
1078 1451 1175 1541 vite,
1201 1446 1445 1547 snepssomeoe

383 1552 462 1626 vini
481 1550 730 1624 abundantiam
745 1548 950 1647 significare.
981 1549 1053 1623 Sed
1070 1550 1286 1622 nobiliorem
1305 1546 1442 1626 sensum

266 1689 278 1706 ·
382 1649 531 1744 mystica
546 1649 717 1745 producit
733 1650 912 1747 expositio
926 1647 1058 1726 nostra.
1080 1645 1176 1722 Nam
1192 1647 1283 1722 stola
1296 1644 1443 1744 Christi,

384 1772 462 1843 quae
470 1752 611 1824 lavatur
626 1751 663 1824 in
679 1749 792 1843 vino,
806 1751 939 1824 merito
950 1750 1027 1843 ejus
1041 1747 1250 1844 intelligitur
1260 1745 1444 1842 Ecclesia,

275 1913 277 1924 .
383 1870 492 1942 quam
501 1848 574 1942 ipse
590 1848 779 1923 mundavit
791 1849 854 1923 libi
870 1847 1034 1945 sanguine
1048 1848 1132 1938 su0,
1152 1868 1229 1919 non
1246 1846 1443 1924 habentem

381 1949 556 2024 maculam
568 1961 780 2045 autrugam:
807 1951 887 2021 Non
901 1957 1004 2035 enim,
1021 1946 1136 2039 inquit
1147 1944 1367 2039 Apostolus,
1383 1969 1442 2018 ar·

376 2063 483 2143 genio,
496 2048 550 2117 val
561 2051 795 2143 earundemprs‘
806 2047 886 2145 estis,
895 2050 951 2137 sel
956 2047 1251 2144 pretiolofianguine
1263 2045 1441 2141 unigeniti
1474 2111 1478 2118 .

381 2146 510 2221 sDeo.
536 2145 578 2218 ln
591 2143 695 2237 huius
708 2144 802 2220 enim
818 2145 992 2244 sanguinis
1013 2146 1126 2238 vino,
1146 2143 1268 2235 idest,
1287 2146 1439 2220 lavacro

292 2267 294 2272 ·
378 2244 663 2341 regenerationis
682 2265 702 2318 a
719 2243 860 2319 Christo
878 2248 1019 2319 lavatur
1033 2241 1199 2320 Ecclesia.
1229 2244 1453 2335 consepeli-¹

377 2363 458 2420 mur
478 2342 572 2417 enim
594 2364 658 2439 per
676 2342 885 2436 baptismum
902 2347 939 2418 in
960 2359 1137 2436 mortem,
1163 2341 1437 2439 &insanguine

377 2443 505 2537 ipsius,
525 2442 642 2536 idest,
654 2446 690 2515 in
703 2459 822 2517 morte
833 2445 937 2538 ipsius
953 2446 1183 2537 baptizamur.
1210 2440 1438 2537 insanguine

378 2556 498 2617 autern
514 2562 596 2614 uvae
614 2544 800 2634 quomodo
819 2542 982 2618 amisium
996 2542 1096 2616 suum
1108 2545 1218 2635 lavit,
1238 2542 1437 2619 videndum

377 2639 440 2717 est.
472 2639 634 2716 Amiuus
652 2644 892 2736 propinquior
907 2642 1064 2736 quaedam
1085 2644 1145 2716 vel
1164 2639 1337 2714 secretior
1353 2662 1437 2714 cor·

375 2741 459 2835 pori
489 2741 597 2814 vestis
621 2739 767 2816 videtur
788 2741 859 2816 else
880 2763 982 2834 quam
1006 2741 1108 2817 stola.
1158 2740 1207 2813 Hi
1234 2759 1347 2836 ergo,
1374 2742 1438 2832 qui

374 2841 474 2934 prius
490 2860 554 2933 per
564 2842 745 2913 lavacrum
753 2842 821 2914 loti
836 2841 926 2914 stola
940 2842 1014 2933 ejus
1027 2839 1170 2914 fuerant
1185 2838 1325 2932 effeiii,
1339 2840 1436 2933 post-

375 2960 522 3030 eaquam
542 2937 586 3012 ad
603 2936 858 3014 sacramentum
874 2937 1047 3037 sanguinis
1065 2960 1148 3012 uvae
1164 2952 1434 3034 pervenerunt,

373 3040 437 3110 vel
460 3038 641 3112 interioris
664 3040 819 3130 mysterii
838 3037 1112 3130 secretiorisque
1132 3036 1213 3113 sassi
1228 3034 1309 3111 sunt
1324 3040 1434 3133 parti·

268 3147 271 3156 '
373 3138 495 3231 cipes,
515 3136 659 3211 anitius
675 3138 750 3230 ejus
763 3135 833 3210 esse
850 3139 1028 3214 dicuntur.
1059 3138 1222 3211 Lavatur
1242 3137 1432 3214 enim&in

371 3255 455 3308 uvae
471 3236 636 3331 sanguine
658 3238 793 3329 anima,
825 3259 907 3312 cum
926 3236 1133 3312 sacramenti
1152 3239 1258 3329 hujus
1282 3238 1433 3331 coeperit

372 3353 502 3425 capere
519 3338 696 3409 rationem
742 3333 877 3433 Agnita
888 3357 1040 3428 namque
1056 3335 1279 3410 &intelletia
1292 3339 1432 3411 virtute

369 3432 545 3526 sanguinis
571 3435 686 3507 Verbi
706 3435 797 3526 Dei,
832 3450 967 3528 quanto
988 3438 1155 3529 capacior
1173 3434 1300 3509 effeiia
1320 3435 1432 3510 suerit

370 3533 503 3621 anima,
521 3544 626 3604 tanto
646 3536 771 3626 purior
784 3532 827 3606 fit
840 3536 873 3608 dt
884 3537 1028 3609 lavatur
1039 3536 1201 3627 quotidie
1217 3537 1260 3607 ad
1276 3532 1433 3609 scientiae

368 3629 592 3725 profestum,
612 3632 645 3702 ἃ
655 3634 807 3728 jungens
816 3633 851 3706 se
865 3633 951 3708 Deo
964 3657 1039 3708 non
1050 3633 1162 3708 solum
1180 3632 1323 3707 amilius
1337 3635 1430 3728 ejus,

367 3750 496 3803 verum
508 3730 614 3803 etiam
626 3735 791 3823 unusjam
801 3754 882 3806 curn
893 3733 970 3827 ipso
983 3733 1122 3826 spiritus
1137 3731 1211 3806 fiet.
1238 3734 1432 3807 Huiccon·

365 3830 496 3900 trarius
506 3846 581 3900 crat
596 3828 739 3902 amissus
756 3834 816 3904 ille
831 3837 957 3925 populi
973 3833 1097 3922 lsrael,
1118 3835 1154 3905 in
1168 3852 1241 3925 quo
1254 3847 1295 3904 ut
1310 3833 1429 3927 gentis

365 3926 619 4018 impudicitiam
633 3929 845 4025 designaret,
860 3947 1019 4005 nontam
1033 3930 1209 4025 amisium,
1227 3953 1330 4025 quam
1340 3950 1430 4025 pra·

362 4025 575 4102 cinctorium
597 4031 812 4105 nominavit.
847 4032 962 4130 erud
981 4031 1180 4107 Hieremias
1205 4032 1430 4202 ciprumdare
1461 4023 1473 4046 ⁴

1255 4133 1370 4204 umbis
1436 4127 1443 4142 '
