3417 4692
324 401 396 502 ,n
647 391 1060 478 onrornrs

323 577 404 658 tur,
419 557 479 636 sed
489 577 566 654 qoae
577 559 849 655 nonnionem,
864 555 975 636 odiss'e
991 556 1151 654 delicias,
1165 575 1283 636 amore
1295 573 1386 636 ton·

323 661 533 755 ementium,
552 660 727 734 luxuriem
744 660 883 758 fugere,
902 663 1072 736 excolere
1083 661 1258 752 virtutes,
1278 661 1385 737 istun

273 767 278 782 '
324 761 418 856 quast
430 757 640 852 masculum,
656 759 749 852 quau
759 761 877 834 virum
890 759 1011 834 necari
1022 763 1123 854 eupit
1131 759 1286 854 Pharao,
1304 777 1386 857 per·

324 859 497 954 sequitur,
518 855 728 953 inseiietur,
741 858 838 934 mille
854 857 1021 934 adversus
1038 879 1118 933 etun
1135 859 1309 934 machinis
1319 881 1385 955 pu·

325 971 421 1058 gnau'
449 957 540 1032 Odit
551 957 654 1054 tales,
662 961 793 1034 vivere
802 979 867 1034 eos
877 961 913 1032 in
921 955 1267 1056 AEgyptononssnit.
1296 958 1388 1036 ndo

326 1080 414 1156 ergo
433 1055 506 1148 est,
527 1057 626 1150 quod
644 1059 683 1132 in
696 1057 915 1133 boemundo
929 1057 1022 1132 servi
1038 1059 1108 1133 Dei
1128 1057 1162 1132 ἀ
1181 1057 1389 1152 omnesqui

326 1157 448 1232 Deum
457 1170 633 1251 querunt,
643 1155 819 1252 despettui
829 1157 1284 1253 habemanucontemtui.
1297 1158 1388 1234 Inde

322 1257 554 1331 ¹contumeliis
569 1256 721 1352 exponti
735 1257 836 1352 sunt,
862 1257 945 1331 inde
960 1261 1145 1352 replentur
1163 1257 1389 1354 opprobriis,

325 1357 409 1431 inde
429 1357 562 1438 odiain
575 1376 639 1431 eor
653 1356 687 1430 δι
702 1356 969 1452 persecutiones
984 1358 1183 1456 agitantur,
1211 1359 1292 1450 quia
1307 1357 1391 1432 odit

328 1476 393 1530 eos
407 1455 560 1550 Pharao,
588 1455 668 1530 odit
679 1455 879 1551 hujusmodi
891 1477 1019 1551 mares,
1045 1459 1104 1550 qui
1117 1455 1266 1538 feminas
1281 1473 1388 1534 amat.

326 1553 397 1630 Iste
415 1556 521 1630 etiarn
540 1553 749 1631 obstetrices
774 1575 1008 1652 corrumpere
1023 1554 1243 1654 aggreditur,
1269 1556 1390 1651 &per

326 1653 422 1752 ipsos
435 1655 607 1748 implere,
623 1655 722 1748 quod
737 1655 933 1750 desiderat,
958 1669 1107 1750 quorum
1118 1655 1224 1729 etiarn
1240 1656 1392 1732 nonina

292 1815 294 1820 .
327 1755 434 1829 nobit
456 1773 522 1850 per
543 1753 789 1850 provifionern
811 1751 950 1850 spiritus
972 1753 1100 1848 sensti,
1127 1756 1188 1848 qui
1203 1755 1279 1828 haec
1304 1755 1390 1828 scri·

317 1852 367 1928 'bi
381 1854 526 1948 voluit,
558 1854 772 1932 indicantur.
822 1855 1011 1950 sephora,
1045 1855 1184 1948 inquit,
1214 1871 1287 1928 una
1307 1873 1389 1947 qun

327 1951 584 2050 interpretetur
604 1951 735 2050 peffer:
761 1951 934 2047 &Phutn
959 1975 1038 2049 qute
1053 1954 1146 2048 apud
1163 1971 1231 2028 nor
1245 1956 1308 2027 vel
1329 1975 1392 2027 ru·

326 2053 417 2126 bens
431 2053 492 2128 vel
509 2053 714 2128 verecunda
726 2052 796 2127 dici
811 2053 941 2147 potest.
967 2053 1036 2128 Per
1052 2053 1114 2128 het
1132 2052 1238 2149 igitur
1252 2052 1391 2130 necari·

329 2171 474 2244 meree,
505 2148 735 2226 &vivificari
749 2151 847 2225 -solas
867 2152 1014 2227 feminas
1034 2152 1171 2246 querit.

405 2269 438 2324 2.
464 2247 535 2324 Sed
550 2250 635 2342 quid
651 2251 737 2326 dicit
752 2249 952 2348 scriptura?
979 2253 1028 2326 Er
1042 2253 1216 2340 tinniant,
1247 2251 1389 2346 inquit,

328 2347 498 2447 rifletrico
526 2353 653 2439 Deum,
677 2353 717 2428 U
738 2376 804 2422 non
820 2350 994 2445 fecerunt,
1018 2351 1094 2446 ficut
1109 2357 1254 2450 pracepit
1270 2356 1313 2421 eis
1331 2369 1391 2422 rere

329 2451 477 2546 AEgppri.
504 2447 590 2525 Ister
607 2449 818 2526 obstetrices
838 2450 1007 2526 dixerunt
1023 2466 1108 2525 ante
1126 2473 1218 2544 nos,
1243 2449 1391 2542 quidem

329 2549 552 2624 rationabilis
572 2551 783 2625 eruditionis
804 2550 957 2624 formam
978 2565 1115 2625 tenere.
1165 2549 1391 2624 Obstetricet

329 2649 425 2724 eninr
439 2647 586 2727 medice
606 2651 764 2744 quodam
780 2647 884 2744 sunt,
910 2647 1029 2724 &tant
1052 2646 1224 2725 masculos
1243 2647 1392 2722 nascen-

330 2761 387 2822 tes
408 2769 512 2843 quarn
534 2747 683 2824 feminee
704 2749 848 2824 fovent.
897 2745 1064 2823 Eruditio
1091 2761 1179 2847 ergo
1204 2747 1268 2822 ista
1288 2755 1392 2822 corn‘·

329 2849 446 2922 munis
461 2845 683 2922 rationabilis
701 2847 880 2939 scientie,
905 2849 948 2921 ed
966 2867 1108 2923 ornnem
1124 2848 1392 2942 propemodum

330 2949 500 3043 pervenit
519 2944 677 3041 sensum,
699 2963 825 3021 omnen
844 2944 1007 3043 instruit,
1035 2963 1160 3022 ornnes
1181 2941 1299 3023 fouet.
1350 2943 1391 3020 Si

331 3046 471 3138 quirin
500 3063 543 3120 ea
565 3046 680 3121 virilis
705 3046 812 3123 enimi
838 3041 972 3141 fuerit,
998 3048 1033 3123 it
1057 3047 1218 3120 voluerit
1235 3039 1390 3122 coelestio

333 3165 512 3238 quaerere,
539 3145 573 3219 &
593 3146 716 3221 divina
732 3142 874 3238 foetori,
900 3147 1016 3221 veluti
1035 3148 1253 3238 medicatus,
1280 3145 1390 3219 &fo-

331 3255 390 3315 tus
408 3265 473 3336 per
492 3244 691 3339 hujusmodi
711 3246 973 3341 eruditionem,
999 3247 1043 3321 ad
1063 3246 1268 3321 divinorum
1285 3245 1392 3318 intei-

331 3341 513 3438 ligentiom
533 3346 692 3438 paratior
714 3347 850 3420 venien
901 3345 985 3420 Una
1004 3345 1056 3422 est
1074 3349 1169 3420 enim
1193 3348 1295 3420 velut
1316 3339 1392 3438 pei

333 3440 408 3533 ser,
441 3461 519 3534 quae
545 3445 692 3519 teliore
716 3445 848 3538 docet,
874 3444 1195 3519 &rationabilibus
1219 3444 1393 3519 doiirine

332 3539 458 3633 pennis
479 3542 517 3614 in
535 3546 645 3618 ritum
664 3544 792 3619 volare
808 3559 992 3638 provocat
1008 3547 1156 3621 animos.
1208 3544 1292 3619 Alia
1311 3561 1392 3638 quo

332 3641 465 3714 rubens
480 3639 552 3734 est,
576 3646 637 3717 vel
652 3645 878 3738 verecunda,
902 3646 1046 3718 moralis
1062 3644 1132 3738 est,
1156 3665 1277 3720 mores
1292 3663 1393 3717 corn·

359 3741 453 3833 onir,
478 3741 732 3818 verecundiam
747 3744 871 3834 docet,
895 3744 1047 3818 instituit
1062 3741 1391 3848 honestarenifl·

362 3839 524 3933 'tanen
551 3843 721 3936 quonian
738 3843 828 3917 dicit
841 3841 887 3916 de
903 3842 1166 3938 hirscriptura,
1191 3843 1270 3937 quir
1288 3851 1392 3908 nme·

260 3913 266 4042 i
330 3936 422 4016 burt
433 3938 572 4033 Deum,
599 3940 726 4015 &non
745 3942 1103 4037 feceruntpraecepta
1116 3944 1205 4028 renis
1222 3927 1392 4029 AEgypti,

338 4035 504 4114 vedenmr
517 4037 730 4120 obstetrices
750 4041 822 4118 isto
838 4041 916 4117 duae
935 4043 1119 4124 utrimque
1132 4031 1332 4108 testamenti
1345 4025 1391 4108 fl·-

260 4193 303 4225 ,,
389 4191 391 4196 .
1215 4149 1343 4232 gurm
