3417 4692
461 394 870 515 'sotter-aru
896 330 1190 523 ernesto.
1332 424 1380 500 93

316 562 419 657 quod
427 565 584 657 patitur,
595 582 713 653 neque
728 560 802 634 hoc
815 562 974 655 patitur3
991 561 1089 653 quod
1104 560 1211 657 dicit,
1225 559 1284 636 sed
1298 560 1381 637 sadi

314 665 567 759 indignitatem
589 659 756 735 ostendit.
810 663 858 731 Er
872 666 977 756 paucis
993 663 1186 757 intemetum
1235 660 1381 736 Deinde

316 777 423 837 erant
441 764 528 835 olim
540 761 578 833 in
593 760 764 834 Palestina
773 760 878 852 justi,
905 758 1216 834 Melchisedech&
1233 761 1290 833 alii
1305 764 1382 854 plu·

316 865 409 937 rimi.
436 861 567 952 Neque
578 862 669 932 enim
679 858 773 935 solus
786 874 866 958 erat
877 856 1056 954 sacerdos,
1077 859 1206 951 absque
1218 861 1324 954 plebe
1342 859 1383 934 fi·

317 962 403 1036 deli.
456 964 606 1033 Nondum
622 978 711 1053 ergo
736 961 864 1054 impleta
873 960 974 1045 sunt,
1000 957 1129 1032 ditium
1155 958 1206 1032 est
1226 979 1295 1052 pro
1314 981 1381 1044 eo:

316 1061 482 1135 nondum
502 1081 547 1131 ex
567 1058 648 1149 ipsis
659 1055 794 1131 defecit
810 1056 972 1149 sandtus,
998 1057 1161 1130 nond-um
1180 1060 1383 1149 perfeut&

318 1159 555 1233 consummati
571 1157 652 1230 sunt
666 1157 888 1251 inpeccatis.
940 1157 1078 1229 Decem
1092 1159 1186 1230 enim
1198 1158 1280 1249 iusti
1293 1161 1382 1235 tibe-

317 1260 568 1348 ranturbem,
598 1272 686 1329 tunc
704 1271 823 1331 autem
841 1277 919 1329 non
938 1255 1042 1349 pauci
1061 1270 1173 1331 eraut.

327 1395 330 1402 ·
398 1358 629 1431 Humiliabuut
647 1381 695 1427 eos
713 1360 958 1453 quadringentis
979 1350 1110 1450 annul]
1162 1354 1237 1427 Cur.
1255 1371 1382 1449 praete.
1421 1402 1428 1423 r

316 1479 380 1531 rea
395 1456 493 1530 addit
512 1454 711 1549 Apostolus
728 1455 874 1551 triginta
891 1476 1027 1547 annos,
1060 1455 1185 1548 &quar
1197 1458 1383 1548 pertinent

319 1578 403 1631 cum
423 1557 470 1629 ad
488 1556 602 1628 foedus
628 1554 726 1645 quod
745 1555 882 1650 pepigit
906 1575 987 1627 cum
1004 1550 1209 1646 Abraham,
1243 1570 1320 1630 tum
1337 1558 1382 1634 ad

317 1654 583 1750 profetiionern
608 1675 654 1725 ex
676 1651 843 1750 AEgypto
871 1654 909 1726 in
936 1653 1102 1747 Brenn,
1140 1654 1174 1726 u
1199 1654 1243 1726 ad
1265 1657 1382 1753 legem

317 1754 466 1829 datam?
492 1752 582 1826 Non
592 1767 771 1849 pugnant,
798 1774 875 1846 quae
890 1754 1063 1836 hocloco
1078 1755 1271 1849 leguntur,
1299 1778 1382 1834 cum

319 1857 385 1945 iis,
408 1875 486 1945 quae
504 1854 540 1924 in
560 1851 693 1944 Exodo
712 1851 841 1946 scripta
856 1852 948 1928 sunt.
997 1852 1051 1925 lbi
1071 1854 1164 1926 enim
1182 1849 1310 1927 ditium
1331 1854 1383 1929 est

316 1952 401 2048 post
416 1952 563 2043 quadrin
589 1967 695 2024 entos
712 1952 902 2052 &triginta
918 1971 1032 2024 annos
1049 1949 1169 2025 exiisse
1183 1956 1383 2032 exercitum

318 2054 472 2125 Domini
488 2051 533 2124 de
597 2065 736 2147 gypto‚
760 2051 819 2124 hic
835 2066 954 2124 autem
974 2050 1055 2144 post
1076 2051 1356 2147 quadringentos
1369 2041 1400 2129 τ’

319 2149 381 2225 sed
407 2150 760 2225 animadvertendum
788 2150 839 2223 est
869 2172 945 2224 non
972 2150 1101 2223 ditium
1131 2147 1200 2223 effe
1228 2155 1382 2246 expletis

321 2250 587 2347 quadringentis
611 2249 711 2321 annis
733 2246 881 2341 exiisse,
915 2245 974 2322 sed
997 2248 1078 2343 post
1101 2249 1381 2351 quadringentos

320 2371 459 2441 annos,
485 2349 584 2440 quod
599 2349 740 2439 quidem
759 2347 914 2422 ostendit
930 2349 961 2422 dr
979 2351 1133 2444 triginta.

398 2450 447 2523 Et
462 2448 597 2545 despatio
610 2448 651 2544 ιβ
663 2450 787 2520 domina
802 2455 870 2545 ejus
889 2454 924 2518 in
937 2447 1118 2543 craspediu,
1143 2451 1259 2537 ittae]
1283 2450 1382 2527 Data

320 2568 435 2642 opera
447 2548 664 2621 declaratum
676 2547 834 2639 nonest,
854 2568 981 2639 aquo,
1002 2565 1043 2619 ut
1054 2549 1270 2638 inquirendo
1281 2552 1382 2626 inve·

319 2650 479 2721 nitemur
495 2648 687 2737 virtutem,
712 2646 941 2739 posteaquam
954 2647 1223 2721 liberales'artes
1237 2652 1382 2745 genuit,

320 2744 499 2839 aespeeui
521 2746 643 2819 haberi
665 2744 814 2837 solere,
852 2766 927 2817 non
947 2745 1088 2835 quidem
1107 2743 1316 2820 ullomodo
1337 2749 1382 2823 ab

320 2846 524 2937 Abraham,
544 2843 602 2918 sed
615 2846 677 2917 vel
690 2844 892 2935 abancilla,
911 2845 970 2917 vel
986 2846 1028 2916 ab
1040 2844 1104 2936 iis,
1117 2847 1176 2937 qui
1190 2846 1263 2937 ejus
1278 2850 1384 2939 prole

320 2942 555 3036 delcetantur,
565 2960 754 3035 antequam
762 2943 1204 3038 praestantiora&meliora
1213 2961 1295 3020 nata
1303 2947 1382 3024 sint.

402 3046 452 3117 Et
474 3070 539 3115 nou
562 3044 727 3116 vocabitur
747 3046 883 3139 amplius
910 3068 1022 3114 nornen
1044 3060 1135 3113 turm
1158 3048 1299 3126 Abram,
1327 3050 1384 3135 sed
1408 3113 1414 3119 ,

320 3147 388 3217 erit
400 3169 513 3216 nomen
531 3161 624 3215 tuum
639 3145 827 3236 Abraham]
858 3142 1178 3236 Interpretationee
1197 3145 1385 3224 nominum

324 3263 454 3335 quaere.
503 3244 653 3319 Virtute
679 3243 774 3317 enim
793 3242 957 3335 imposita
974 3240 1054 3315 sunt
1070 3263 1090 3315 a
1104 3242 1238 3336 Spiritu
1251 3244 1390 3330 santio„
1435 3249 1437 3254 ’

326 3342 474 3440 Quin&
489 3344 577 3418 illud
594 3344 683 3417 scire
706 3358 857 3435 oportet
874 3341 1263 3437 nominibushabitus,
1297 3341 1382 3421 affe·

324 3439 464 3516 {tiones
485 3444 722 3535 &qualitates
743 3442 915 3534 indicari,
941 3442 1039 3514 unde
1055 3441 1205 3516 noscere
1222 3446 1272 3519 est
1292 3449 1384 3546 ejus²

325 3542 385 3614 cui
404 3545 551 3621 nomina
564 3542 728 3637 imposita
744 3540 843 3633 sunt,
872 3542 975 3614 animi
994 3542 1118 3616 dotes:

401 3646 504 3713 Dixit
518 3662 622 3713 autem
639 3642 797 3713 Abraham
811 3645 851 3710 ad
869 3646 993 3711 Deum:
1022 3642 1129 3728 ismael
1143 3640 1195 3738 ifle
1210 3644 1310 3713 uiuat
1323 3667 1384 3716 tm·

324 3757 357 3813 re
375 3741 435 3832 ta]
477 3737 654 3816 Eximium
673 3741 756 3833 quid
774 3742 902 3816 orabat
920 3761 989 3834 pro
1015 3737 1160 3814 ismaele
1176 3737 1381 3837 Abraham,

322 3861 393 3915 nec
409 3839 489 3915 satis
504 3841 537 3915 ei
557 3841 627 3915 fuit
642 3841 798 3935 precari:
832 3846 950 3913 vivat:
975 3836 1034 3913 sed
1054 3839 1213 3931 addidit,
1229 3858 1317 3911 unu
1337 3858 1381 3918 te.

279 3993 284 4022 2
324 3940 466 4016 Vivere
495 3943 588 4016 enim
612 3947 695 4013 ¹ante
715 3940 916 4017 Dominum
935 3938 1162 4018 solummodo
1185 3937 1236 4014 est
1256 3940 1384 4017 beato·

324 4060 406 4117 rum
421 4055 529 4135 atque
541 4039 751 4120 sanderum
1007 4079 1026 4150 x·
1117 4105 1146 4112 ..
1179 4075 1187 4108 -·
1237 4109 1298 4217 ,ὣ

1298 4160 1353 4214 re·
1459 4213 1466 4238 1
