3417 4692
313 451 393 542 ga
635 435 1092 540 oaroaurs·

311 603 384 699 ipsa
407 598 480 674 sola
506 601 672 676 nutritur.
740 602 877 676 Verum
908 603 983 674 hac
1011 600 1052 672 ad
1076 615 1379 690 unumquemque:

312 701 472 780 nostrum
483 699 690 775 referamus.
740 699 790 774 Et
809 701 889 773 tusr
906 703 1008 774 times
1024 701 1162 792 Deum,
1187 697 1369 771 nonsatis

312 815 530 900 praeceptum
555 803 645 896 regis
677 799 837 896 AEgypti.
889 803 952 873 ille
979 803 1074 874 enim
1093 801 1159 870 tibi
1183 797 1373 892 praecipit·‚·

314 901 409 976 utin
431 900 563 973 deliciis
585 902 712 990 vivas,
739 917 780 972 ut
803 901 923 994 diligas
947 898 1097 994 praesens
1117 897 1299 987 saeculum,
1325 907 1379 972 ut.

313 1001 496 1095 prasentia
517 998 755 1092 concupiscas.
804 999 867 1071 Tu
885 999 909 1072 st
929 1000 1048 1073 Deum
1065 1001 1189 1090 times,
1215 995 1248 1068 ἃ
1269 995 1370 1068 exhi·

313 1101 376 1174 bes
395 1097 594 1171 obstetricis
612 1098 764 1172 officium
781 1089 1006 1190 animae'tuae‚
1033 1099 1057 1172 ss
1074 1100 1107 1171 ei
1121 1095 1264 1169 salutem
1280 1115 1382 1166 con·-
1452 1089 1455 1104 '

313 1199 409 1273 serre
427 1200 549 1291 cupis,
573 1199 751 1272 nonsatis
773 1199 869 1287 hec,
896 1196 955 1271 sed
976 1195 1141 1270 vivificas
1155 1192 1370 1286 masculum,

315 1301 375 1391 qui
390 1301 425 1372 in
444 1312 480 1371 te
500 1297 571 1390 est,
597 1300 804 1370 interiorem
816 1298 1114 1370 tuumhominem
1129 1294 1314 1370 medicaris
1336 1291 1373 1365 δι
1456 1361 1459 1374 ,

314 1399 443 1486 foves,
478 1397 511 1469 δι
533 1399 592 1489 ipsi
616 1396 795 1490 petasius
819 1395 1094 1472 autintellectus
1115 1395 1236 1468 bonos
1256 1394 1374 1466 vitam
1454 1433 1461 1474 ·,

316 1499 498 1586 conquiris
515 1512 691 1571 aetemam.

393 1618 424 1688 3.
450 1596 518 1668 Sed
541 1596 620 1690 post
640 1594 789 1668 necubi
806 1595 898 1669 vidit
915 1595 1077 1677 Pharao,
1103 1591 1201 1686 quod
1218 1608 1282 1684 per
1303 1589 1374 1662 ob·

313 1695 474 1770 stetrices
492 1716 567 1768 non
588 1695 703 1788 posset
718 1717 846 1770 necare
865 1695 1038 1770 masculos
1051 1693 1175 1785 lsrael,
1200 1695 1371 1789 pracepit,

313 1795 450 1888 inquit,
476 1801 560 1866 orani
572 1799 682 1893 papula
701 1801 828 1866 dicem:
864 1800 960 1866 Omoe
982 1797 1185 1882 masculinum
1207 1792 1375 1890 quodcum·

316 1920 375 1993 que
398 1912 508 1964 natum
523 1895 633 1988 suerit
654 1897 818 1982 Hebrais,
846 1921 882 1963 m
901 1895 1024 1994 flumen
1043 1899 1205 1992 projicite,
1230 1891 1269 1966 (5
1283 1913 1394 1970 omne,

309 1995 509 2090 femininum
525 1998 701 2082 vivificare.
727 1996 863 2068 Videte
879 1998 962 2092 quid
981 1997 1146 2088 princeps
1159 1993 1260 2084 hujus
1272 2010 1376 2062 mun·

315 2094 349 2168 di
364 2095 524 2186 praecipit
538 2095 625 2186 suis,
652 2109 693 2164 ut
703 2094 858 2166 infantes
872 2094 1016 2166 nostros
1032 2097 1189 2188 rapiant,
1216 2091 1293 2162 &in
1305 2089 1374 2162 fiu-

313 2213 395 2268 men
409 2193 621 2286 projiciant,
644 2194 763 2285 primae
778 2189 892 2266 statim
905 2193 1084 2266 nativitati
1102 2191 1305 2264 nostrorum
1322 2192 1375 2260 in·

313 2291 478 2366 srdiuntes
497 2293 697 2385 continue,
724 2309 764 2363 ut
778 2294 889 2366 ubera
906 2293 1070 2364 Ecclesia
1086 2294 1198 2384 prima
1215 2293 1377 2381 contige·

313 2392 410 2480 rint,
437 2391 596 2478 irruant,
624 2393 812 2486 diripiant,
837 2392 1113 2486 persequantur,
1140 2390 1243 2462 undis
1259 2390 1290 2458 a
1309 2387 1376 2458 flu-

315 2488 427 2562 tubus
448 2490 552 2580 hujus
568 2489 682 2562 scruti
704 2492 926 2568 absorbeant.
980 2493 1133 2580 Videte,
1156 2489 1238 2580 quid
1258 2488 1385 2559 andra·

312 2590 380 2678 tis,
409 2588 575 2683 sapientia
594 2591 665 2664 Dei
688 2613 749 2682 per
773 2592 1005 2666 Salomonem
1027 2593 1134 2663 dicit:
1165 2589 1376 2679 liiietigiii'li·

313 2703 365 2759 ter
381 2695 533 2782 intasige,
561 2715 628 2786 aaa
643 2703 841 2787 apponuntur
859 2693 927 2762 nbi.
979 2691 1099 2781 Vide,
1120 2688 1233 2762 statim
1253 2703 1294 2757 ut
1314 2709 1377 2756 na·

311 2799 395 2880 tus,
422 2789 495 2861 imo
514 2803 556 2862 ut
572 2806 716 2863 renatus
732 2791 860 2879 fueris,
889 2791 970 2879 quid
983 2793 1047 2863 tibi
1065 2791 1233 2862 imminet.
1286 2787 1388 2876 Hoc'

311 2887 400 2959 illud
416 2887 485 2978 est,
515 2891 612 2981 quod
631 2893 667 2963 in
686 2887 886 2983 Evangelio
905 2893 1013 2984 legis,
1041 2891 1121 2981 quia
1132 2885 1231 2982 Jesus
1243 2884 1374 2977 statim,

312 3000 355 3058 ut
378 2983 535 3062 ascendit
560 2991 603 3063 de
633 2988 830 3082 baptismo,
869 2987 980 3060 datius
1008 2993 1045 3086 epi
1072 2993 1111 3058 ab
1133 2995 1254 3081 jpnau
1272 2993 1309 3054 m
1327 3001 1379 3052 ue·
1476 3007 1479 3016 ·

307 3089 451 3174 sartum,
479 3109 514 3159 ut
536 3105 717 3160 irritaretur
738 3115 757 3158 a
781 3091 906 3163 diabolo.
959 3089 1044 3162 Hoc
1061 3109 1148 3181 crgo
1169 3086 1246 3176 est,
1274 3083 1375 3174 quod

313 3183 439 3256 &hoc
463 3189 551 3259 loco
573 3188 709 3262 Pharao
731 3190 901 3279 praecepit
920 3189 1060 3281 populo
1085 3189 1168 3280 suo,
1196 3185 1374 3256 Hebraeos

310 3281 467 3356 infantes
495 3286 609 3359 statim
630 3302 672 3358 ut
699 3288 771 3358 nati
797 3288 932 3359 fuerint
956 3288 1154 3375 invadant,
1189 3284 1377 3376 diripiant,

312 3382 411 3473 aquis
427 3381 662 3480 submergant.
715 3387 798 3458 Hoc
818 3387 967 3460 fortassis
987 3385 1055 3478 est,
1083 3387 1180 3476 quo-i
1202 3405 1264 3479 per
1287 3382 1379 3454 Pro·

310 3481 459 3577 phetam
474 3483 622 3558 dicitur:
651 3489 740 3578 ¹Quia
753 3491 969 3558 intraverunt
983 3511 1069 3582 oquae
1083 3499 1175 3582 ujque
1187 3491 1226 3553 ad
1237 3505 1379 3552 arrianam

309 3601 418 3650 meam.
480 3585 610 3671 [refixus
623 3585 692 3673 sum
709 3590 745 3654 in
762 3587 836 3654 limo
852 3589 1005 3680 profundi
1012 3631 1024 3672 ,
1050 3585 1086 3660 (5
1108 3611 1172 3656 nun
1188 3583 1377 3678 esttamen·

309 3687 371 3753 tia.
421 3679 491 3754 Sed
516 3700 712 3774 propterea
737 3684 892 3758 Christus
922 3684 1102 3777 superavit
1131 3685 1163 3754 ἃ
1189 3685 1302 3769 vicit,
1335 3693 1380 3754 ut

308 3780 376 3852 tibi
390 3780 560 3854 vincendi
577 3785 645 3856 iter
664 3785 829 3875 aperiret.
882 3785 1079 3878 Propterea
1092 3785 1255 3874 jejunans
1272 3781 1376 3866 vicit,

307 3891 353 3948 ut
373 3877 406 3948 &
423 3894 464 3950 tu
488 3883 570 3954 scias
594 3885 797 3974 hujusmodi
818 3906 928 3979 genus
953 3885 1210 3956 daemoniorum
1232 3873 1375 3973 jejuniis

268 4017 271 4030 ·
308 3971 348 4044 ot
367 3982 594 4053 orationibus
616 3981 863 4074 superandum.
916 3983 1159 4075 Propterea&
1179 3979 1298 4044 obluta
1313 3972 1389 4050 fibi·

311 4074 434 4152 omnia
454 4095 564 4176 regua
589 4081 739 4170 mundi,
776 4082 983 4178 &gloriam
1002 4097 1128 4151 eorum
1152 4073 1380 4166 contemnit,

1284 4183 1328 4242 ut

1460 1869 1466 2022 i

1461 2025 1468 2176 i

1466 2259 1473 2463 i
