3417 4692
464 315 471 336 ¹
552 313 1062 516 indicandae.
1203 355 1348 476 'ni
1452 311 1469 346 i

280 517 481 620 formaturi
518 541 668 634 exiet—it,
701 540 893 616 damnum
889 541 1068 634 patietur.
1119 537 1184 620 De
1212 477 1350 636 damnin
1372 630 1395 643 s

289 638 480 731 deitatum
501 641 607 716 etiam
628 640 827 738 Apostolus
844 637 976 731 docet,
1005 660 1086 712 cum
1103 637 1212 714 dicit:
1237 641 1279 712 Si
1297 663 1348 708 cu·

271 740 339 838 jus
367 758 471 809 aurem
498 762 569 835 opus
599 745 738 830 arserit,
773 744 921 826 damnum
944 745 1103 836 parietur
1155 740 1220 836 Ipse
1242 752 1349 810 autent

281 840 472 930 [clauserit
480 843 673 931 ‚letamen
694 841 828 939 quafipe
831 846 975 934 rigarem.
1027 835 1347 912 Sed&D0minus

288 933 327 1022 in
343 936 546 1036 Evangeliis
568 938 678 1013 dicit:
707 947 795 1035 Quid
815 945 900 1010 enim
915 939 1031 1037 prodat
1052 940 1204 1027 domani,
1225 939 1252 1033 fi
1270 942 1347 1009 uni-

289 1039 413 1128 idetersam
427 1043 573 1112 mundum
589 1031 746 1127 lucretur,
763 1045 904 1112 animam
920 1055 1025 1110 aurem
1036 1040 1163 1135 ficemp
1156 1041 1272 1127 eadat,
1286 1051 1348 1112 aut

288 1139 435 1209 damnum
447 1139 569 1229 faciat?
594 1135 703 1213 Unde
719 1140 864 1214 videtur
881 1137 1042 1232 ostendi,
1069 1139 1168 1235 qnod
1188 1092 1348 1228 quadam

289 1256 438 1332 peccata
464 1239 506 1311 ad
528 1239 689 1313 dammam
714 1240 853 1331 quidem
878 1239 1104 1331 pertineant,
1130 1249 1348 1318 nontamen
1441 1314 1444 1318 ,

290 1337 334 1414 ad
361 1339 567 1410 interitum:
594 1342 674 1430 quia
700 1341 759 1431 qui
785 1339 950 1412 damnum
975 1336 1091 1431 pallus
1116 1336 1245 1428 suerit,
1271 1336 1347 1430 ipse

288 1450 408 1526 tamen
425 1433 548 1509 salvari
566 1435 715 1529 dicitur,
741 1439 829 1532 licet
844 1457 907 1532 per
928 1440 1057 1533 ignem.
1107 1435 1216 1518 Unde
1233 1435 1347 1510 credo

269 1535 323 1609 -dc
348 1535 505 1630 Joanries
533 1536 727 1630 Apostolus
754 1537 792 1610 in
818 1536 966 1630 epistola
991 1538 1050 1609 sua
1075 1534 1162 1609 dicit
1187 1534 1348 1629 quaedam

289 1633 358 1709 'elle
376 1651 525 1728 peccata
547 1636 588 1706 ad
611 1653 802 1730 mortem,¹
815 1633 971 1729 quaedam
994 1657 1070 1708 non
1093 1633 1163 1712 elle
1184 1635 1228 1708 ad
1249 1655 1348 1708 mor·

286 1749 371 1809 tem.
425 1740 514 1835 Quae
540 1749 657 1808 autem
677 1736 743 1808 smt
763 1733 895 1830 specics
921 1749 1156 1827 peccatorum
1182 1733 1226 1807 ad
1249 1752 1347 1808 mor·

288 1850 392 1926 tem,
419 1855 495 1924 quae
512 1855 604 1906 vero
631 1856 706 1907 non
723 1835 773 1907 ad
797 1850 977 1926 mortem,
1009 1832 1067 1906 sed
1092 1832 1134 1906 ad
1153 1833 1345 1929 damnum,
1369 1925 1372 1930 ι

286 1955 362 2008 non
379 1946 470 2025 puto
496 1930 601 2006 facile
621 1955 642 2006 a
668 1954 845 2026 quoquam
863 1934 1045 2008 hominum
1062 1930 1162 2026 polle
1182 1930 1345 2018 discerni.
1429 2013 1433 2018 ,

286 2031 464 2124 Scriptum
481 2054 632 2123 namque
651 2033 720 2106 est.
748 2032 876 2105 Belleia
897 2039 968 2130 quis
990 2029 1166 2126 inteligitl
1191 2032 1347 2106 Verum·

238 2136 242 2139 ’
287 2145 405 2204 tamen
425 2154 470 2204 ex
487 2131 563 2223 his,
590 2154 667 2224 quae
680 2135 717 2205 in
738 2131 940 2229 Evangelio
961 2152 1026 2226 per
1047 2131 1234 2225 parabolas
1252 2130 1348 2205 refe·

286 2247 435 2323 cuntur,
462 2253 508 2304 ex
529 2248 630 2324 parte
650 2234 765 2323 aliqua
784 2231 1006 2347 cognoscere
1022 2228 1202 2325 possumus
1226 2231 1346 2324 cuius-

285 2330 385 2404 modi
404 2331 492 2422 fiat,
516 2353 595 2423 quae
620 2332 746 2412 damna
768 2335 1021 2423 nominantur,
1048 2352 1130 2406 cum
1145 2330 1224 2405 ibi
1214 2348 1345 2408 iterum

285 2420 469 2506 rideamus
494 2429 536 2502 ad
557 2433 695 2505 luctum
714 2430 877 2528 deputari
895 2431 1075 2524 quaedam,
1101 2451 1178 2522 quae
1195 2451 1260 2523 per
1280 2452 1346 2505 ne·

285 2528 530 2626 gociationem
555 2531 692 2619 quassata
713 2519 892 2604 dicuntair.
954 2528 1068 2602 Verbi
1092 2529 1226 2623 gratia,
1262 2550 1346 2611 cum

283 2626 491 2718 reseruntur
522 2623 625 2722 super
658 2630 813 2719 quinque
844 2649 942 2704 mnas
969 2626 1145 2719 acquifitae
1170 2625 1240 2701 elle
1258 2629 1345 2714 aliae

285 2723 473 2818 quinque,
499 2727 561 2800 vel
592 2725 694 2819 super
728 2728 813 2801 duas
845 2726 1021 2818 acquisrtae
1055 2724 1129 2798 aliae
1159 2725 1253 2799 duae:
1281 2740 1344 2801 aut

284 2846 368 2906 cum
385 2824 578 2918 drachma,
604 2829 665 2900 vel
682 2825 867 2941 denarias,
900 2826 960 2898 vel
979 2827 1152 2900 talentum
1172 2826 1342 2922 ponitur,
1458 2877 1466 2919 q

285 2923 435 3016 &quali
456 2927 608 3019 pecunia
625 2926 815 3017 quaedam
805 2947 841 2998 m
865 2923 995 3017 quaestu
1016 2945 1178 3020 operum
1173 2927 1343 3002 nomina·

285 3036 367 3110 rur·
393 3022 451 3096 sed
476 3023 509 3097 dr
536 3046 615 3099 cum
642 3025 770 3097 dicitur
795 3023 1044 3140 paterfamilias
1069 3045 1219 3140 ponere.
1232 3026 1342 3098 ratio·

285 3145 369 3198 nem
392 3143 473 3196 cum
494 3122 602 3196 servis
621 3120 771 3217 suis‚&
737 3122 993 3198 &offertur
962 3147 993 3196 er
1016 3127 1132 3212 ΝΝΝΝ,
1159 3145 1219 3215 qtu
1210 3124 1341 3198 debe·

281 3223 350 3321 liat
368 3224 492 3296 decem
510 3224 618 3308 millia
637 3226 782 3298 talenta.
833 3221 933 3304 Talis
957 3244 1043 3318 ergo
1071 3222 1226 3316 quaedam
1244 3222 1340 3300 ratio
1428 3307 1435 3322 ,

286 3322 405 3398 damni
422 3315 490 3396 est:
515 3337 558 3394 ut
581 3325 682 3401 verbi
696 3323 832 3422 gratia,
859 3323 918 3415 qui
936 3344 1005 3416 pro
1019 3323 1185 3396 mercede
1206 3320 1266 3398 sua
1286 3345 1341 3397 ac·

280 3436 457 3514 cepturtts
483 3436 561 3495 erat
585 3419 708 3498 decem
740 3445 863 3514 mnas,
896 3441 972 3495 non
1004 3422 1155 3516 accipiat
1187 3421 1339 3518 decem,

282 3517 476 3620 sedodlo,
504 3523 564 3596 vel
585 3517 668 3616 sex,
695 3522 883 3613 autetiam
899 3522 1037 3596 minus:
1065 3522 1188 3596 &hoc
1208 3521 1339 3602 damno

280 3607 432 3726 'percuti
452 3617 611 3696 dicitur
600 3645 653 3715 rs,
687 3625 747 3714 qui
766 3606 902 3726 causam
921 3620 1073 3704 scandali
1096 3618 1284 3700 infirmiori
1304 3620 1340 3698 ἃ

280 3713 450 3797 muliebri
464 3722 614 3820 praebuit
630 3723 761 3804 animae.

359 3843 395 3911 Ν
421 3813 532 3896 Dah'it
547 3836 685 3916 autem,
718 3821 855 3916 inquit,
881 3819 1071 3904 secundum
1090 3815 1188 3909 quod
1202 3814 1340 3894 indixe-

283 3918 334 3994 rit
357 3918 419 3994 vel
442 3918 649 4034 imposuerit
674 3921 731 3993 vir
755 3921 853 4016 ej‚us
889 3920 923 3994 dt
948 3919 1045 3996 dabit
1077 3938 1166 4004 cum
1181 3915 1337 3994 honore.

278 4001 520 4222 ,ᾼΝῙΝΝ
455 4011 619 4124 discentia
651 4024 731 4122 nir,
747 3946 917 4232 ἐὲςξίὶοτ
941 4021 1046 4132 ejas,
1043 4015 1121 4122 ella
1106 4013 1337 4212 ‘leffium
