<?xml version="1.0" encoding="UTF-8"?>
<!DOCTYPE html PUBLIC "-//W3C//DTD XHTML 1.0 Transitional//EN"
    "http://www.w3.org/TR/xhtml1/DTD/xhtml1-transitional.dtd">
<html xmlns="http://www.w3.org/1999/xhtml" xml:lang="en" lang="en">
 <head>
  <title>
</title>
<meta http-equiv="Content-Type" content="text/html;charset=utf-8" />
  <meta name='ocr-system' content='tesseract 3.04.00' />
  <meta name='ocr-capabilities' content='ocr_page ocr_carea ocr_par ocr_line ocrx_word'/>
</head>
<body>
  <div class='ocr_page' id='page_1' title='image "./operaomniasanct02unkngoog/operaomniasanct02unkngoog_0442.png"; bbox 0 0 3417 4692; ppageno 0'>
   <div class='ocr_carea' id='block_1_1' title="bbox 235 391 1397 3667">
    <p class='ocr_par' dir='ltr' id='par_1_1' title="bbox 235 391 1396 3647">
     <span class='ocr_line' id='line_1_1' title="bbox 322 391 1052 498; baseline -0.015 -15"><span class='ocrx_word' id='word_1_1' title='bbox 322 407 393 498; x_wconf 54' lang='grc' dir='ltr'>4η</span> <span class='ocrx_word' id='word_1_2' title='bbox 642 391 1052 484; x_wconf 79' lang='lat' dir='ltr'>ORIGENIS</span> 
     </span>
     <span class='ocr_line' id='line_1_2' title="bbox 265 558 1395 676; baseline -0.004 -44"><span class='ocrx_word' id='word_1_3' title='bbox 265 629 271 640; x_wconf 83' lang='grc'><strong><em>,</em></strong></span> <span class='ocrx_word' id='word_1_4' title='bbox 320 561 550 676; x_wconf 79' lang='lat' dir='ltr'>posteaquam</span> <span class='ocrx_word' id='word_1_5' title='bbox 571 558 676 633; x_wconf 88' lang='lat' dir='ltr'>dixit.</span> <span class='ocrx_word' id='word_1_6' title='bbox 703 564 863 633; x_wconf 77' lang='lat' dir='ltr'>Revertar</span> <span class='ocrx_word' id='word_1_7' title='bbox 876 561 915 630; x_wconf 80' lang='lat' dir='ltr'>ad</span> <span class='ocrx_word' id='word_1_8' title='bbox 928 583 1038 627; x_wconf 79' lang='lat' dir='ltr'>mrum</span> <span class='ocrx_word' id='word_1_9' title='bbox 1055 582 1154 627; x_wconf 82' lang='grc' dir='ltr'><em>ιιιιιιιιι</em></span> <span class='ocrx_word' id='word_1_10' title='bbox 1167 560 1334 653; x_wconf 79' lang='lat' dir='ltr'>priorem:</span> <span class='ocrx_word' id='word_1_11' title='bbox 1359 561 1395 635; x_wconf 76' lang='lat' dir='ltr'>dr</span> 
     </span>
     <span class='ocr_line' id='line_1_3' title="bbox 320 657 1395 753; baseline 0.002 -21"><span class='ocrx_word' id='word_1_12' title='bbox 320 664 427 734; x_wconf 88' lang='lat' dir='ltr'>venit</span> <span class='ocrx_word' id='word_1_13' title='bbox 450 659 491 730; x_wconf 88' lang='lat' dir='ltr'>ad</span> <span class='ocrx_word' id='word_1_14' title='bbox 515 658 718 749; x_wconf 67' lang='lat' dir='ltr'>Christum,</span> <span class='ocrx_word' id='word_1_15' title='bbox 742 660 801 750; x_wconf 89' lang='lat' dir='ltr'>qui</span> <span class='ocrx_word' id='word_1_16' title='bbox 828 682 905 733; x_wconf 87' lang='lat' dir='ltr'>earn</span> <span class='ocrx_word' id='word_1_17' title='bbox 929 681 973 731; x_wconf 86' lang='lat' dir='ltr'>ex</span> <span class='ocrx_word' id='word_1_18' title='bbox 995 657 1099 730; x_wconf 91' lang='lat' dir='ltr'>initio</span> <span class='ocrx_word' id='word_1_19' title='bbox 1124 658 1204 730; x_wconf 92' lang='lat' dir='ltr'>ad</span> <span class='ocrx_word' id='word_1_20' title='bbox 1195 660 1395 753; x_wconf 80' lang='lat' dir='ltr'>imaginem</span> 
     </span>
     <span class='ocr_line' id='line_1_4' title="bbox 320 747 1394 852; baseline -0.006 -17"><span class='ocrx_word' id='word_1_21' title='bbox 320 749 434 836; x_wconf 88' lang='lat' dir='ltr'>suam</span> <span class='ocrx_word' id='word_1_22' title='bbox 431 761 590 852; x_wconf 85' lang='lat' dir='ltr'>creavit,</span> <span class='ocrx_word' id='word_1_23' title='bbox 617 758 810 832; x_wconf 86' lang='lat' dir='ltr'>necellario</span> <span class='ocrx_word' id='word_1_24' title='bbox 828 761 950 850; x_wconf 87' lang='lat' dir='ltr'>locum</span> <span class='ocrx_word' id='word_1_25' title='bbox 964 747 1062 830; x_wconf 75' lang='lat' dir='ltr'>cleda</span> <span class='ocrx_word' id='word_1_26' title='bbox 1076 758 1214 831; x_wconf 83' lang='lat' dir='ltr'>adulter</span> <span class='ocrx_word' id='word_1_27' title='bbox 1229 756 1394 851; x_wconf 78' lang='lat' dir='ltr'>spiritur,</span> 
     </span>
     <span class='ocr_line' id='line_1_5' title="bbox 321 814 1394 954; baseline 0 -22"><span class='ocrx_word' id='word_1_28' title='bbox 321 861 385 932; x_wconf 89' lang='lat' dir='ltr'>uhi</span> <span class='ocrx_word' id='word_1_29' title='bbox 409 859 500 931; x_wconf 81' lang='lat' dir='ltr'>vidit</span> <span class='ocrx_word' id='word_1_30' title='bbox 521 814 715 954; x_wconf 82' lang='lat' dir='ltr'>legitimum</span> <span class='ocrx_word' id='word_1_31' title='bbox 745 861 874 933; x_wconf 89' lang='lat' dir='ltr'>virum.</span> <span class='ocrx_word' id='word_1_32' title='bbox 924 856 1084 951; x_wconf 85' lang='lat' dir='ltr'>Suscepti</span> <span class='ocrx_word' id='word_1_33' title='bbox 1110 877 1199 952; x_wconf 92' lang='lat' dir='ltr'>ergo</span> <span class='ocrx_word' id='word_1_34' title='bbox 1222 854 1353 932; x_wconf 87' lang='lat' dir='ltr'>sumus</span> <span class='ocrx_word' id='word_1_35' title='bbox 1374 880 1394 932; x_wconf 86' lang='lat' dir='ltr'>a</span> 
     </span>
     <span class='ocr_line' id='line_1_6' title="bbox 322 956 1396 1049; baseline 0 -19"><span class='ocrx_word' id='word_1_36' title='bbox 322 956 497 1049; x_wconf 84' lang='lat' dir='ltr'>Christo,</span> <span class='ocrx_word' id='word_1_37' title='bbox 530 958 762 1032; x_wconf 86' lang='lat' dir='ltr'>&amp;mundata</span> <span class='ocrx_word' id='word_1_38' title='bbox 795 959 847 1032; x_wconf 92' lang='lat' dir='ltr'>est</span> <span class='ocrx_word' id='word_1_39' title='bbox 879 958 1006 1030; x_wconf 85' lang='lat' dir='ltr'>domus</span> <span class='ocrx_word' id='word_1_40' title='bbox 1038 956 1157 1030; x_wconf 87' lang='lat' dir='ltr'>nostra</span> <span class='ocrx_word' id='word_1_41' title='bbox 1183 977 1203 1028; x_wconf 89' lang='lat' dir='ltr'>a</span> <span class='ocrx_word' id='word_1_42' title='bbox 1227 959 1396 1049; x_wconf 74' lang='lat' dir='ltr'>peccatis</span> 
     </span>
     <span class='ocr_line' id='line_1_7' title="bbox 319 1053 1396 1152; baseline 0.004 -27"><span class='ocrx_word' id='word_1_43' title='bbox 319 1058 531 1152; x_wconf 82' lang='lat' dir='ltr'>prioribus,</span> <span class='ocrx_word' id='word_1_44' title='bbox 556 1058 590 1128; x_wconf 67' lang='grc' dir='ltr'><strong>ἃ</strong></span> <span class='ocrx_word' id='word_1_45' title='bbox 613 1061 739 1130; x_wconf 87' lang='lat' dir='ltr'>ornata</span> <span class='ocrx_word' id='word_1_46' title='bbox 762 1058 812 1131; x_wconf 91' lang='lat' dir='ltr'>est</span> <span class='ocrx_word' id='word_1_47' title='bbox 840 1057 1058 1131; x_wconf 81' lang='lat' dir='ltr'>ornamentis</span> <span class='ocrx_word' id='word_1_48' title='bbox 1083 1053 1396 1130; x_wconf 78' lang='lat' dir='ltr'>sacramentorum</span> 
     </span>
     <span class='ocr_line' id='line_1_8' title="bbox 235 1154 1396 1249; baseline 0.001 -20"><span class='ocrx_word' id='word_1_49' title='bbox 235 1205 240 1216; x_wconf 36' lang='lat' dir='ltr'>x</span> <span class='ocrx_word' id='word_1_50' title='bbox 320 1154 500 1245; x_wconf 86' lang='lat' dir='ltr'>fidelium</span> <span class='ocrx_word' id='word_1_51' title='bbox 528 1178 604 1248; x_wconf 81' lang='lat' dir='ltr'>quae</span> <span class='ocrx_word' id='word_1_52' title='bbox 620 1173 755 1229; x_wconf 90' lang='lat' dir='ltr'>norunt</span> <span class='ocrx_word' id='word_1_53' title='bbox 778 1179 834 1249; x_wconf 84' lang='lat' dir='ltr'>qur</span> <span class='ocrx_word' id='word_1_54' title='bbox 853 1158 979 1230; x_wconf 77' lang='lat' dir='ltr'>mirati</span> <span class='ocrx_word' id='word_1_55' title='bbox 999 1155 1089 1236; x_wconf 88' lang='lat' dir='ltr'>lunt</span> <span class='ocrx_word' id='word_1_56' title='bbox 1140 1154 1209 1226; x_wconf 88' lang='lat' dir='ltr'>Sed</span> <span class='ocrx_word' id='word_1_57' title='bbox 1220 1177 1307 1228; x_wconf 92' lang='lat' dir='ltr'>non</span> <span class='ocrx_word' id='word_1_58' title='bbox 1329 1156 1396 1230; x_wconf 88' lang='lat' dir='ltr'>sta·</span> 
     </span>
     <span class='ocr_line' id='line_1_9' title="bbox 322 1253 1397 1332; baseline 0.001 -4"><span class='ocrx_word' id='word_1_59' title='bbox 322 1258 387 1328; x_wconf 90' lang='lat' dir='ltr'>tim</span> <span class='ocrx_word' id='word_1_60' title='bbox 403 1254 534 1327; x_wconf 87' lang='lat' dir='ltr'>domus</span> <span class='ocrx_word' id='word_1_61' title='bbox 563 1258 636 1328; x_wconf 81' lang='lat' dir='ltr'>hac</span> <span class='ocrx_word' id='word_1_62' title='bbox 665 1258 901 1332; x_wconf 83' lang='lat' dir='ltr'>habitatorem</span> <span class='ocrx_word' id='word_1_63' title='bbox 928 1258 1059 1329; x_wconf 89' lang='lat' dir='ltr'>habere</span> <span class='ocrx_word' id='word_1_64' title='bbox 1083 1253 1259 1328; x_wconf 82' lang='lat' dir='ltr'>Christum</span> <span class='ocrx_word' id='word_1_65' title='bbox 1276 1277 1397 1330; x_wconf 88' lang='lat' dir='ltr'>mere</span> 
     </span>
     <span class='ocr_line' id='line_1_10' title="bbox 323 1339 1396 1447; baseline 0 -19"><span class='ocrx_word' id='word_1_66' title='bbox 323 1368 405 1447; x_wconf 85' lang='lat' dir='ltr'>tur,</span> <span class='ocrx_word' id='word_1_67' title='bbox 433 1355 492 1426; x_wconf 77' lang='lat' dir='ltr'>nili</span> <span class='ocrx_word' id='word_1_68' title='bbox 516 1354 535 1427; x_wconf 89' lang='lat' dir='ltr'>s</span> <span class='ocrx_word' id='word_1_69' title='bbox 541 1369 556 1426; x_wconf 94' lang='lat' dir='ltr'>t</span> <span class='ocrx_word' id='word_1_70' title='bbox 578 1357 652 1427; x_wconf 90' lang='lat' dir='ltr'>vita</span> <span class='ocrx_word' id='word_1_71' title='bbox 673 1357 797 1447; x_wconf 78' lang='lat' dir='ltr'>ejus&amp;</span> <span class='ocrx_word' id='word_1_72' title='bbox 821 1339 1081 1432; x_wconf 86' lang='lat' dir='ltr'>conversatio</span> <span class='ocrx_word' id='word_1_73' title='bbox 1073 1371 1121 1428; x_wconf 80' lang='lat' dir='ltr'>lta</span> <span class='ocrx_word' id='word_1_74' title='bbox 1141 1374 1250 1447; x_wconf 87' lang='lat' dir='ltr'>pura,</span> <span class='ocrx_word' id='word_1_75' title='bbox 1283 1354 1355 1426; x_wconf 90' lang='lat'>&amp;</span> <span class='ocrx_word' id='word_1_76' title='bbox 1343 1377 1396 1428; x_wconf 83' lang='lat' dir='ltr'>tn·</span> 
     </span>
     <span class='ocr_line' id='line_1_11' title="bbox 323 1452 1395 1547; baseline 0.002 -20"><span class='ocrx_word' id='word_1_77' title='bbox 323 1455 630 1544; x_wconf 89' lang='lat' dir='ltr'>contaminabilis</span> <span class='ocrx_word' id='word_1_78' title='bbox 658 1468 699 1526; x_wconf 90' lang='lat' dir='ltr'>ut</span> <span class='ocrx_word' id='word_1_79' title='bbox 714 1455 884 1547; x_wconf 83' lang='lat' dir='ltr'>templum</span> <span class='ocrx_word' id='word_1_80' title='bbox 903 1455 983 1526; x_wconf 80' lang='lat' dir='ltr'>Der</span> <span class='ocrx_word' id='word_1_81' title='bbox 986 1453 1054 1526; x_wconf 86' lang='lat' dir='ltr'>effe</span> <span class='ocrx_word' id='word_1_82' title='bbox 1070 1465 1259 1527; x_wconf 86' lang='lat' dir='ltr'>mereatur</span> <span class='ocrx_word' id='word_1_83' title='bbox 1296 1452 1395 1529; x_wconf 90' lang='lat' dir='ltr'>Non</span> 
     </span>
     <span class='ocr_line' id='line_1_12' title="bbox 322 1509 1394 1648; baseline 0.003 -23"><span class='ocrx_word' id='word_1_84' title='bbox 322 1556 414 1625; x_wconf 88' lang='lat' dir='ltr'>enim</span> <span class='ocrx_word' id='word_1_85' title='bbox 437 1537 565 1626; x_wconf 88' lang='lat' dir='ltr'>domus</span> <span class='ocrx_word' id='word_1_86' title='bbox 584 1509 721 1646; x_wconf 84' lang='lat' dir='ltr'>adhuc,</span> <span class='ocrx_word' id='word_1_87' title='bbox 757 1553 815 1628; x_wconf 84' lang='lat' dir='ltr'>led</span> <span class='ocrx_word' id='word_1_88' title='bbox 837 1557 1010 1648; x_wconf 84' lang='lat' dir='ltr'>ternplum</span> <span class='ocrx_word' id='word_1_89' title='bbox 1034 1551 1103 1632; x_wconf 79' lang='lat' dir='ltr'>else</span> <span class='ocrx_word' id='word_1_90' title='bbox 1126 1553 1263 1626; x_wconf 90' lang='lat' dir='ltr'>debet</span> <span class='ocrx_word' id='word_1_91' title='bbox 1252 1574 1291 1626; x_wconf 90' lang='grc' dir='ltr'>ιιι</span> <span class='ocrx_word' id='word_1_92' title='bbox 1315 1575 1394 1645; x_wconf 92' lang='lat' dir='ltr'>quo</span> 
     </span>
     <span class='ocr_line' id='line_1_13' title="bbox 320 1654 1392 1749; baseline -0.003 -22"><span class='ocrx_word' id='word_1_93' title='bbox 320 1654 462 1728; x_wconf 88' lang='lat' dir='ltr'>habitet</span> <span class='ocrx_word' id='word_1_94' title='bbox 481 1654 592 1726; x_wconf 74' lang='lat' dir='ltr'>oeus.</span> <span class='ocrx_word' id='word_1_95' title='bbox 644 1654 680 1726; x_wconf 90' lang='lat' dir='ltr'>Si</span> <span class='ocrx_word' id='word_1_96' title='bbox 703 1674 791 1747; x_wconf 89' lang='lat' dir='ltr'>ergo</span> <span class='ocrx_word' id='word_1_97' title='bbox 819 1669 1002 1745; x_wconf 85' lang='lat' dir='ltr'>acceptam</span> <span class='ocrx_word' id='word_1_98' title='bbox 1029 1654 1177 1749; x_wconf 84' lang='lat' dir='ltr'>gratiam</span> <span class='ocrx_word' id='word_1_99' title='bbox 1204 1654 1392 1748; x_wconf 83' lang='lat' dir='ltr'>negligat,</span> 
     </span>
     <span class='ocr_line' id='line_1_14' title="bbox 325 1707 1395 1848; baseline 0.004 -23"><span class='ocrx_word' id='word_1_100' title='bbox 325 1749 360 1825; x_wconf 78' lang='lat' dir='ltr'>u</span> <span class='ocrx_word' id='word_1_101' title='bbox 381 1753 540 1845; x_wconf 88' lang='lat' dir='ltr'>implicet</span> <span class='ocrx_word' id='word_1_102' title='bbox 557 1750 591 1824; x_wconf 91' lang='lat' dir='ltr'>se</span> <span class='ocrx_word' id='word_1_103' title='bbox 609 1755 763 1848; x_wconf 88' lang='lat' dir='ltr'>negotiis</span> <span class='ocrx_word' id='word_1_104' title='bbox 778 1752 1021 1843; x_wconf 76' lang='lat' dir='ltr'>saecularibus,</span> <span class='ocrx_word' id='word_1_105' title='bbox 1048 1752 1224 1825; x_wconf 87' lang='lat' dir='ltr'>continuo</span> <span class='ocrx_word' id='word_1_106' title='bbox 1245 1707 1395 1845; x_wconf 73' lang='lat' dir='ltr'>spiritui</span> 
     </span>
     <span class='ocr_line' id='line_1_15' title="bbox 320 1851 1393 1944; baseline 0 -18"><span class='ocrx_word' id='word_1_107' title='bbox 320 1854 382 1926; x_wconf 87' lang='lat' dir='ltr'>ille</span> <span class='ocrx_word' id='word_1_108' title='bbox 401 1853 599 1926; x_wconf 89' lang='lat' dir='ltr'>immundus</span> <span class='ocrx_word' id='word_1_109' title='bbox 621 1854 740 1942; x_wconf 82' lang='lat' dir='ltr'>redit,</span> <span class='ocrx_word' id='word_1_110' title='bbox 769 1853 986 1944; x_wconf 68' lang='lat' dir='ltr'>&amp;uindicat</span> <span class='ocrx_word' id='word_1_111' title='bbox 1004 1852 1063 1928; x_wconf 85' lang='lat' dir='ltr'>fibi</span> <span class='ocrx_word' id='word_1_112' title='bbox 1089 1851 1235 1928; x_wconf 88' lang='lat' dir='ltr'>domurn</span> <span class='ocrx_word' id='word_1_113' title='bbox 1252 1874 1393 1926; x_wconf 85' lang='lat' dir='ltr'>vacan-</span> 
     </span>
     <span class='ocr_line' id='line_1_16' title="bbox 320 1948 1392 2048; baseline 0.003 -25"><span class='ocrx_word' id='word_1_114' title='bbox 320 1964 406 2048; x_wconf 87' lang='lat' dir='ltr'>tem.</span> <span class='ocrx_word' id='word_1_115' title='bbox 446 1951 491 2022; x_wconf 79' lang='lat' dir='ltr'>Et</span> <span class='ocrx_word' id='word_1_116' title='bbox 506 1974 552 2023; x_wconf 92' lang='lat' dir='ltr'>ne</span> <span class='ocrx_word' id='word_1_117' title='bbox 573 1952 702 2026; x_wconf 88' lang='lat' dir='ltr'>iterum</span> <span class='ocrx_word' id='word_1_118' title='bbox 716 1953 818 2045; x_wconf 84' lang='lat' dir='ltr'>polht</span> <span class='ocrx_word' id='word_1_119' title='bbox 834 1952 987 2046; x_wconf 83' lang='lat' dir='ltr'>expelli,</span> <span class='ocrx_word' id='word_1_120' title='bbox 1011 1955 1100 2026; x_wconf 91' lang='lat' dir='ltr'>alios</span> <span class='ocrx_word' id='word_1_121' title='bbox 1118 1950 1233 2026; x_wconf 84' lang='lat' dir='ltr'>secum</span> <span class='ocrx_word' id='word_1_122' title='bbox 1249 1948 1392 2044; x_wconf 88' lang='lat' dir='ltr'>septem</span> 
     </span>
     <span class='ocr_line' id='line_1_17' title="bbox 320 2049 1391 2143; baseline 0.001 -20"><span class='ocrx_word' id='word_1_123' title='bbox 320 2049 460 2143; x_wconf 89' lang='lat' dir='ltr'>spiritus</span> <span class='ocrx_word' id='word_1_124' title='bbox 480 2052 624 2140; x_wconf 77' lang='lat' dir='ltr'>adhibet</span> <span class='ocrx_word' id='word_1_125' title='bbox 647 2054 861 2142; x_wconf 76' lang='lat' dir='ltr'>nequiores,</span> <span class='ocrx_word' id='word_1_126' title='bbox 890 2053 922 2123; x_wconf 75' lang='lat' dir='ltr'>a</span> <span class='ocrx_word' id='word_1_127' title='bbox 948 2049 1039 2123; x_wconf 87' lang='lat' dir='ltr'>liunt</span> <span class='ocrx_word' id='word_1_128' title='bbox 1060 2051 1244 2123; x_wconf 80' lang='lat' dir='ltr'>noviffima</span> <span class='ocrx_word' id='word_1_129' title='bbox 1272 2049 1391 2143; x_wconf 84' lang='lat' dir='ltr'>hujus·</span> 
     </span>
     <span class='ocr_line' id='line_1_18' title="bbox 320 2150 1390 2244; baseline -0.001 -18"><span class='ocrx_word' id='word_1_130' title='bbox 320 2152 418 2226; x_wconf 90' lang='lat' dir='ltr'>modi</span> <span class='ocrx_word' id='word_1_131' title='bbox 434 2151 587 2222; x_wconf 88' lang='lat' dir='ltr'>hominis</span> <span class='ocrx_word' id='word_1_132' title='bbox 603 2151 727 2241; x_wconf 87' lang='lat' dir='ltr'>pejora</span> <span class='ocrx_word' id='word_1_133' title='bbox 744 2152 945 2244; x_wconf 83' lang='lat' dir='ltr'>prioribus3</span> <span class='ocrx_word' id='word_1_134' title='bbox 974 2151 1055 2242; x_wconf 89' lang='lat' dir='ltr'>quia</span> <span class='ocrx_word' id='word_1_135' title='bbox 1071 2150 1296 2226; x_wconf 82' lang='lat' dir='ltr'>tolerabilius</span> <span class='ocrx_word' id='word_1_136' title='bbox 1311 2150 1390 2225; x_wconf 85' lang='lat' dir='ltr'>fue·</span> 
     </span>
     <span class='ocr_line' id='line_1_19' title="bbox 319 2247 1390 2338; baseline 0.004 -18"><span class='ocrx_word' id='word_1_137' title='bbox 319 2263 375 2320; x_wconf 85' lang='lat' dir='ltr'>rat</span> <span class='ocrx_word' id='word_1_138' title='bbox 392 2270 467 2320; x_wconf 94' lang='lat' dir='ltr'>non</span> <span class='ocrx_word' id='word_1_139' title='bbox 485 2247 608 2320; x_wconf 82' lang='lat' dir='ltr'>redille</span> <span class='ocrx_word' id='word_1_140' title='bbox 630 2249 672 2321; x_wconf 88' lang='lat' dir='ltr'>ad</span> <span class='ocrx_word' id='word_1_141' title='bbox 698 2251 810 2322; x_wconf 84' lang='lat' dir='ltr'>virum</span> <span class='ocrx_word' id='word_1_142' title='bbox 831 2252 989 2338; x_wconf 81' lang='lat' dir='ltr'>priorem</span> <span class='ocrx_word' id='word_1_143' title='bbox 1011 2251 1160 2324; x_wconf 89' lang='lat' dir='ltr'>animam</span> <span class='ocrx_word' id='word_1_144' title='bbox 1185 2251 1294 2324; x_wconf 85' lang='lat' dir='ltr'>semel</span> <span class='ocrx_word' id='word_1_145' title='bbox 1314 2272 1390 2324; x_wconf 87' lang='lat' dir='ltr'>me·</span> 
     </span>
     <span class='ocr_line' id='line_1_20' title="bbox 318 2347 1389 2445; baseline 0.001 -26"><span class='ocrx_word' id='word_1_146' title='bbox 318 2350 573 2438; x_wconf 76' lang='lat' dir='ltr'>renitentem,</span> <span class='ocrx_word' id='word_1_147' title='bbox 599 2370 703 2438; x_wconf 78' lang='lat' dir='ltr'>qttam</span> <span class='ocrx_word' id='word_1_148' title='bbox 732 2348 897 2445; x_wconf 82' lang='lat' dir='ltr'>egrellam</span> <span class='ocrx_word' id='word_1_149' title='bbox 917 2347 997 2441; x_wconf 88' lang='lat' dir='ltr'>post</span> <span class='ocrx_word' id='word_1_150' title='bbox 1019 2349 1275 2424; x_wconf 80' lang='lat' dir='ltr'>confessionem</span> <span class='ocrx_word' id='word_1_151' title='bbox 1297 2351 1389 2442; x_wconf 89' lang='lat' dir='ltr'>viri,</span> 
     </span>
     <span class='ocr_line' id='line_1_21' title="bbox 319 2445 1388 2546; baseline 0.003 -28"><span class='ocrx_word' id='word_1_152' title='bbox 319 2446 455 2520; x_wconf 89' lang='lat' dir='ltr'>rursum</span> <span class='ocrx_word' id='word_1_153' title='bbox 470 2449 664 2520; x_wconf 84' lang='lat' dir='ltr'>adulteram</span> <span class='ocrx_word' id='word_1_154' title='bbox 679 2445 768 2528; x_wconf 86' lang='lat' dir='ltr'>lieri.</span> <span class='ocrx_word' id='word_1_155' title='bbox 819 2449 929 2522; x_wconf 86' lang='lat' dir='ltr'>Nulla</span> <span class='ocrx_word' id='word_1_156' title='bbox 946 2470 1032 2546; x_wconf 90' lang='lat' dir='ltr'>ergo</span> <span class='ocrx_word' id='word_1_157' title='bbox 1044 2450 1174 2538; x_wconf 68' lang='lat' dir='ltr'>finieras</span> <span class='ocrx_word' id='word_1_158' title='bbox 1193 2448 1282 2521; x_wconf 81' lang='lat' dir='ltr'>licut</span> <span class='ocrx_word' id='word_1_159' title='bbox 1298 2448 1388 2522; x_wconf 91' lang='lat' dir='ltr'>dicit</span> 
     </span>
     <span class='ocr_line' id='line_1_22' title="bbox 318 2546 1389 2646; baseline 0.002 -29"><span class='ocrx_word' id='word_1_160' title='bbox 318 2546 548 2642; x_wconf 78' lang='lat' dir='ltr'>Apostolus,</span> <span class='ocrx_word' id='word_1_161' title='bbox 586 2552 695 2646; x_wconf 76' lang='lat' dir='ltr'>lampio</span> <span class='ocrx_word' id='word_1_162' title='bbox 728 2555 789 2620; x_wconf 72' lang='lat' dir='ltr'>Dei</span> <span class='ocrx_word' id='word_1_163' title='bbox 818 2577 885 2630; x_wconf 86' lang='lat' dir='ltr'>cum</span> <span class='ocrx_word' id='word_1_164' title='bbox 913 2553 1025 2633; x_wconf 76' lang='lat' dir='ltr'>idolis,</span> <span class='ocrx_word' id='word_1_165' title='bbox 1063 2550 1159 2621; x_wconf 84' lang='lat' dir='ltr'>nulla</span> <span class='ocrx_word' id='word_1_166' title='bbox 1182 2550 1389 2638; x_wconf 77' lang='lat' dir='ltr'>consonantia</span> 
     </span>
     <span class='ocr_line' id='line_1_23' title="bbox 322 2646 1386 2744; baseline 0.002 -27"><span class='ocrx_word' id='word_1_167' title='bbox 322 2648 445 2744; x_wconf 76' lang='lat' dir='ltr'>Christo</span> <span class='ocrx_word' id='word_1_168' title='bbox 469 2648 506 2723; x_wconf 70' lang='grc' dir='ltr'><em>(ι</em></span> <span class='ocrx_word' id='word_1_169' title='bbox 527 2651 640 2719; x_wconf 79' lang='lat' dir='ltr'>Belial.</span> <span class='ocrx_word' id='word_1_170' title='bbox 693 2648 727 2720; x_wconf 84' lang='lat' dir='ltr'>Si</span> <span class='ocrx_word' id='word_1_171' title='bbox 751 2647 821 2721; x_wconf 92' lang='lat' dir='ltr'>Dei</span> <span class='ocrx_word' id='word_1_172' title='bbox 844 2648 983 2726; x_wconf 74' lang='lat' dir='ltr'>sumus,</span> <span class='ocrx_word' id='word_1_173' title='bbox 1008 2649 1096 2720; x_wconf 88' lang='lat' dir='ltr'>tales</span> <span class='ocrx_word' id='word_1_174' title='bbox 1121 2646 1190 2720; x_wconf 83' lang='lat' dir='ltr'>elle</span> <span class='ocrx_word' id='word_1_175' title='bbox 1212 2649 1386 2722; x_wconf 82' lang='lat' dir='ltr'>debemus</span> 
     </span>
     <span class='ocr_line' id='line_1_24' title="bbox 318 2748 1387 2915; baseline 0.001 -98"><span class='ocrx_word' id='word_1_176' title='bbox 318 2762 361 2818; x_wconf 93' lang='lat' dir='ltr'>ut</span> <span class='ocrx_word' id='word_1_177' title='bbox 378 2750 601 2865; x_wconf 83' lang='lat' dir='ltr'>compleatur</span> <span class='ocrx_word' id='word_1_178' title='bbox 624 2750 711 2821; x_wconf 88' lang='lat' dir='ltr'>illud</span> <span class='ocrx_word' id='word_1_179' title='bbox 729 2748 933 2865; x_wconf 81' lang='lat' dir='ltr'>quodt</span> <span class='ocrx_word' id='word_1_180' title='bbox 847 2750 933 2822; x_wconf 89' lang='lat' dir='ltr'>dicit</span> <span class='ocrx_word' id='word_1_181' title='bbox 925 2748 994 2915; x_wconf 63' lang='lat' dir='ltr'>bde</span> <span class='ocrx_word' id='word_1_182' title='bbox 1012 2749 1116 2820; x_wconf 92' lang='lat' dir='ltr'>nohis</span> <span class='ocrx_word' id='word_1_183' title='bbox 1140 2748 1265 2820; x_wconf 88' lang='lat' dir='ltr'>Deus:</span> <span class='ocrx_word' id='word_1_184' title='bbox 1293 2753 1387 2841; x_wconf 79' lang='lat' dir='ltr'>Quia</span> 
     </span>
     <span class='ocr_line' id='line_1_25' title="bbox 319 2847 1387 2941; baseline 0 -24"><span class='ocrx_word' id='word_1_185' title='bbox 319 2847 517 2920; x_wconf 69' lang='lat' dir='ltr'>habitabam</span> <span class='ocrx_word' id='word_1_186' title='bbox 541 2854 603 2927; x_wconf 80' lang='lat' dir='ltr'>eis</span> <span class='ocrx_word' id='word_1_187' title='bbox 630 2847 668 2923; x_wconf 74' lang='lat'>(5</span> <span class='ocrx_word' id='word_1_188' title='bbox 690 2849 905 2918; x_wconf 76' lang='lat' dir='ltr'>ineisnmiul</span> <span class='ocrx_word' id='word_1_189' title='bbox 1005 2848 1229 2941; x_wconf 65' lang='grc' dir='ltr'><em>(Ίιρβιιιιιιι</em></span> <span class='ocrx_word' id='word_1_190' title='bbox 1250 2851 1387 2917; x_wconf 75' lang='lat' dir='ltr'>miiaiin</span> 
     </span>
     <span class='ocr_line' id='line_1_26' title="bbox 286 2933 1384 3045; baseline -0.003 -23"><span class='ocrx_word' id='word_1_191' title='bbox 286 3017 288 3022; x_wconf 79' lang='grc'>,</span> <span class='ocrx_word' id='word_1_192' title='bbox 316 2950 409 3045; x_wconf 77' lang='lat' dir='ltr'>popul</span> <span class='ocrx_word' id='word_1_193' title='bbox 410 2973 472 3021; x_wconf 87' lang='lat' dir='ltr'>um</span> <span class='ocrx_word' id='word_1_194' title='bbox 523 2946 572 3020; x_wconf 85' lang='lat' dir='ltr'>Et</span> <span class='ocrx_word' id='word_1_195' title='bbox 584 2948 672 3019; x_wconf 82' lang='lat' dir='ltr'>sicut</span> <span class='ocrx_word' id='word_1_196' title='bbox 689 2950 759 3020; x_wconf 91' lang='lat' dir='ltr'>alio</span> <span class='ocrx_word' id='word_1_197' title='bbox 776 2933 863 3022; x_wconf 84' lang='lat' dir='ltr'>loco</span> <span class='ocrx_word' id='word_1_198' title='bbox 885 2947 1066 3040; x_wconf 87' lang='lat' dir='ltr'>Propheta</span> <span class='ocrx_word' id='word_1_199' title='bbox 1082 2948 1188 3021; x_wconf 90' lang='lat' dir='ltr'>dicit:</span> <span class='ocrx_word' id='word_1_200' title='bbox 1228 2949 1329 3019; x_wconf 80' lang='lat' dir='ltr'>Exire</span> <span class='ocrx_word' id='word_1_201' title='bbox 1348 2950 1384 3019; x_wconf 79' lang='lat' dir='ltr'>de</span> 
     </span>
     <span class='ocr_line' id='line_1_27' title="bbox 319 3048 1387 3145; baseline -0.003 -25"><span class='ocrx_word' id='word_1_202' title='bbox 319 3054 550 3133; x_wconf 77' lang='lat' dir='ltr'>mediatorum,</span> <span class='ocrx_word' id='word_1_203' title='bbox 577 3048 613 3123; x_wconf 63' lang='lat' dir='ltr'>du</span> <span class='ocrx_word' id='word_1_204' title='bbox 628 3049 845 3145; x_wconf 79' lang='lat' dir='ltr'>separamini,</span> <span class='ocrx_word' id='word_1_205' title='bbox 871 3051 947 3116; x_wconf 82' lang='lat' dir='ltr'>dicit</span> <span class='ocrx_word' id='word_1_206' title='bbox 969 3053 1153 3138; x_wconf 79' lang='lat' dir='ltr'>Dominus,</span> <span class='ocrx_word' id='word_1_207' title='bbox 1179 3052 1235 3145; x_wconf 84' lang='lat' dir='ltr'>qui</span> <span class='ocrx_word' id='word_1_208' title='bbox 1248 3053 1387 3142; x_wconf 82' lang='lat' dir='ltr'>portatis</span> 
     </span>
     <span class='ocr_line' id='line_1_28' title="bbox 318 3146 1385 3263; baseline -0.001 -44"><span class='ocrx_word' id='word_1_209' title='bbox 318 3151 395 3238; x_wconf 81' lang='lat' dir='ltr'>vasa</span> <span class='ocrx_word' id='word_1_210' title='bbox 416 3153 556 3244; x_wconf 81' lang='lat' dir='ltr'>Domini.</span> <span class='ocrx_word' id='word_1_211' title='bbox 595 3150 711 3226; x_wconf 83' lang='lat' dir='ltr'>Exite,</span> <span class='ocrx_word' id='word_1_212' title='bbox 736 3146 804 3224; x_wconf 69' lang='lat'>(5</span> <span class='ocrx_word' id='word_1_213' title='bbox 792 3149 986 3218; x_wconf 81' lang='lat' dir='ltr'>immundum</span> <span class='ocrx_word' id='word_1_214' title='bbox 1000 3148 1101 3218; x_wconf 82' lang='lat' dir='ltr'>nolite</span> <span class='ocrx_word' id='word_1_215' title='bbox 1118 3154 1316 3263; x_wconf 77' lang='lat' dir='ltr'>contingere,</span> <span class='ocrx_word' id='word_1_216' title='bbox 1345 3147 1385 3224; x_wconf 74' lang='lat'>(9¹</span> 
     </span>
     <span class='ocr_line' id='line_1_29' title="bbox 321 3247 1387 3364; baseline -0.004 -43"><span class='ocrx_word' id='word_1_217' title='bbox 321 3275 369 3344; x_wconf 81' lang='lat' dir='ltr'>ego</span> <span class='ocrx_word' id='word_1_218' title='bbox 390 3255 533 3344; x_wconf 81' lang='lat' dir='ltr'>recipiam</span> <span class='ocrx_word' id='word_1_219' title='bbox 544 3274 619 3333; x_wconf 85' lang='lat' dir='ltr'>vos,</span> <span class='ocrx_word' id='word_1_220' title='bbox 645 3254 682 3325; x_wconf 63' lang='grc' dir='ltr'><em>ὅ</em></span> <span class='ocrx_word' id='word_1_221' title='bbox 698 3248 816 3318; x_wconf 82' lang='lat' dir='ltr'>erovoi</span> <span class='ocrx_word' id='word_1_222' title='bbox 818 3254 840 3316; x_wconf 79' lang='lat' dir='ltr'>is</span> <span class='ocrx_word' id='word_1_223' title='bbox 861 3252 896 3317; x_wconf 86' lang='lat' dir='ltr'>in</span> <span class='ocrx_word' id='word_1_224' title='bbox 907 3264 1048 3364; x_wconf 82' lang='lat' dir='ltr'>patrem,</span> <span class='ocrx_word' id='word_1_225' title='bbox 1075 3247 1177 3323; x_wconf 68' lang='lat' dir='ltr'>&amp;aas</span> <span class='ocrx_word' id='word_1_226' title='bbox 1194 3252 1286 3317; x_wconf 86' lang='lat' dir='ltr'>eritis</span> <span class='ocrx_word' id='word_1_227' title='bbox 1302 3251 1387 3319; x_wconf 80' lang='lat' dir='ltr'>mihi</span> 
     </span>
     <span class='ocr_line' id='line_1_30' title="bbox 322 3302 1385 3443; baseline 0.002 -23"><span class='ocrx_word' id='word_1_228' title='bbox 322 3356 359 3420; x_wconf 86' lang='lat' dir='ltr'>in</span> <span class='ocrx_word' id='word_1_229' title='bbox 372 3345 514 3437; x_wconf 67' lang='lat' dir='ltr'>filios&amp;</span> <span class='ocrx_word' id='word_1_230' title='bbox 525 3302 634 3440; x_wconf 78' lang='lat' dir='ltr'>filiai,</span> <span class='ocrx_word' id='word_1_231' title='bbox 662 3341 742 3422; x_wconf 80' lang='lat' dir='ltr'>dicii</span> <span class='ocrx_word' id='word_1_232' title='bbox 761 3353 1132 3441; x_wconf 81' lang='lat' dir='ltr'>[laminuromnipotems.</span> <span class='ocrx_word' id='word_1_233' title='bbox 1184 3345 1385 3443; x_wconf 79' lang='lat' dir='ltr'>Propterea</span> 
     </span>
     <span class='ocr_line' id='line_1_31' title="bbox 321 3437 1381 3618; baseline -0.007 -95"><span class='ocrx_word' id='word_1_234' title='bbox 321 3470 409 3618; x_wconf 78' lang='lat' dir='ltr'>crgo</span> <span class='ocrx_word' id='word_1_235' title='bbox 429 3447 532 3520; x_wconf 84' lang='lat' dir='ltr'>dicit.</span> <span class='ocrx_word' id='word_1_236' title='bbox 560 3452 645 3520; x_wconf 82' lang='lat' dir='ltr'>Non</span> <span class='ocrx_word' id='word_1_237' title='bbox 656 3447 753 3519; x_wconf 83' lang='lat' dir='ltr'>erunt</span> <span class='ocrx_word' id='word_1_238' title='bbox 768 3437 828 3528; x_wconf 81' lang='lat' dir='ltr'>iibi</span> <span class='ocrx_word' id='word_1_239' title='bbox 841 3450 886 3517; x_wconf 86' lang='lat' dir='ltr'>dii</span> <span class='ocrx_word' id='word_1_240' title='bbox 905 3448 964 3516; x_wconf 87' lang='lat' dir='ltr'>alii</span> <span class='ocrx_word' id='word_1_241' title='bbox 978 3464 1092 3541; x_wconf 78' lang='lat' dir='ltr'>prater</span> <span class='ocrx_word' id='word_1_242' title='bbox 1110 3474 1180 3534; x_wconf 82' lang='lat' dir='ltr'>ma,</span> <span class='ocrx_word' id='word_1_243' title='bbox 1210 3473 1266 3518; x_wconf 82' lang='lat' dir='ltr'>nec</span> <span class='ocrx_word' id='word_1_244' title='bbox 1277 3448 1381 3539; x_wconf 83' lang='lat' dir='ltr'>facies</span> 
     </span>
     <span class='ocr_line' id='line_1_32' title="bbox 321 3535 1386 3667; baseline 0.002 -49"><span class='ocrx_word' id='word_1_245' title='bbox 321 3553 366 3623; x_wconf 81' lang='lat' dir='ltr'>tib</span> <span class='ocrx_word' id='word_1_246' title='bbox 367 3577 378 3616; x_wconf 95' lang='grc' dir='ltr'><em>ι</em></span> <span class='ocrx_word' id='word_1_247' title='bbox 374 3549 450 3643; x_wconf 72' lang='lat' dir='ltr'>ipfi</span> <span class='ocrx_word' id='word_1_248' title='bbox 468 3548 606 3633; x_wconf 76' lang='lat' dir='ltr'>idolum,</span> <span class='ocrx_word' id='word_1_249' title='bbox 638 3574 697 3648; x_wconf 77' lang='lat' dir='ltr'>neq</span> <span class='ocrx_word' id='word_1_250' title='bbox 699 3575 735 3620; x_wconf 82' lang='lat' dir='ltr'>ue</span> <span class='ocrx_word' id='word_1_251' title='bbox 745 3535 987 3650; x_wconf 81' lang='lat' dir='ltr'>fimilitudinem</span> <span class='ocrx_word' id='word_1_252' title='bbox 1013 3550 1105 3619; x_wconf 71' lang='lat' dir='ltr'>uiam</span> <span class='ocrx_word' id='word_1_253' title='bbox 1123 3574 1323 3667; x_wconf 75' lang='lat' dir='ltr'>quacumque</span> <span class='ocrx_word' id='word_1_254' title='bbox 1346 3552 1386 3620; x_wconf 82' lang='grc' dir='ltr'>ιἰι</span> 
     </span>
    </p>
   </div>
   <div class='ocr_carea' id='block_1_2' title="bbox 234 3646 1386 4225">
    <p class='ocr_par' dir='ltr' id='par_1_2' title="bbox 234 3646 1386 4225">
     <span class='ocr_line' id='line_1_33' title="bbox 320 3646 1386 3754; baseline 0.001 -33"><span class='ocrx_word' id='word_1_255' title='bbox 320 3651 389 3721; x_wconf 82' lang='lat' dir='ltr'>caelo</span> <span class='ocrx_word' id='word_1_256' title='bbox 398 3650 498 3738; x_wconf 82' lang='lat' dir='ltr'>sunt,</span> <span class='ocrx_word' id='word_1_257' title='bbox 525 3646 563 3723; x_wconf 71' lang='lat' dir='ltr'>dt</span> <span class='ocrx_word' id='word_1_258' title='bbox 578 3675 784 3754; x_wconf 74' lang='lat' dir='ltr'>quacumque</span> <span class='ocrx_word' id='word_1_259' title='bbox 782 3653 823 3719; x_wconf 84' lang='lat' dir='ltr'>in</span> <span class='ocrx_word' id='word_1_260' title='bbox 842 3664 954 3734; x_wconf 81' lang='lat' dir='ltr'>terra,</span> <span class='ocrx_word' id='word_1_261' title='bbox 979 3650 1015 3723; x_wconf 70' lang='lat' dir='ltr'><em>U</em></span> <span class='ocrx_word' id='word_1_262' title='bbox 1033 3655 1155 3747; x_wconf 78' lang='lat' dir='ltr'>quain</span> <span class='ocrx_word' id='word_1_263' title='bbox 1172 3655 1291 3746; x_wconf 79' lang='lat' dir='ltr'>aquis,</span> <span class='ocrx_word' id='word_1_264' title='bbox 1318 3673 1386 3722; x_wconf 84' lang='grc' dir='ltr'><em>ιιιιι</em></span> 
     </span>
     <span class='ocr_line' id='line_1_34' title="bbox 316 3749 820 3847; baseline -0.012 -21.951"><span class='ocrx_word' id='word_1_265' title='bbox 316 3749 460 3825; x_wconf 78' lang='lat' dir='ltr'>adorabis</span> <span class='ocrx_word' id='word_1_266' title='bbox 481 3777 513 3818; x_wconf 81' lang='lat' dir='ltr'>aa</span> <span class='ocrx_word' id='word_1_267' title='bbox 529 3775 663 3847; x_wconf 81' lang='lat' dir='ltr'>,neque</span> <span class='ocrx_word' id='word_1_268' title='bbox 682 3750 820 3820; x_wconf 83' lang='lat' dir='ltr'>colesea.</span> 
     </span>
     <span class='ocr_line' id='line_1_35' title="bbox 398 3803 1384 3941; baseline 0.002 -21"><span class='ocrx_word' id='word_1_269' title='bbox 398 3872 430 3940; x_wconf 82' lang='lat'>5</span> <span class='ocrx_word' id='word_1_270' title='bbox 465 3852 524 3941; x_wconf 81' lang='lat' dir='ltr'>Ego</span> <span class='ocrx_word' id='word_1_271' title='bbox 542 3853 625 3918; x_wconf 83' lang='lat' dir='ltr'>enim</span> <span class='ocrx_word' id='word_1_272' title='bbox 642 3851 708 3935; x_wconf 77' lang='lat' dir='ltr'>[uin</span> <span class='ocrx_word' id='word_1_273' title='bbox 734 3803 889 3920; x_wconf 74' lang='lat' dir='ltr'>Dominis</span> <span class='ocrx_word' id='word_1_274' title='bbox 913 3851 999 3919; x_wconf 80' lang='lat' dir='ltr'>Deus</span> <span class='ocrx_word' id='word_1_275' title='bbox 1023 3864 1117 3932; x_wconf 80' lang='lat' dir='ltr'>tuus,</span> <span class='ocrx_word' id='word_1_276' title='bbox 1153 3852 1240 3920; x_wconf 82' lang='lat' dir='ltr'>Deus</span> <span class='ocrx_word' id='word_1_277' title='bbox 1259 3852 1384 3925; x_wconf 73' lang='lat' dir='ltr'>uiam.</span> 
     </span>
     <span class='ocr_line' id='line_1_36' title="bbox 234 3941 1385 4043; baseline -0.001 -18"><span class='ocrx_word' id='word_1_278' title='bbox 234 3983 237 4010; x_wconf 68' lang='grc' dir='ltr'><em>ε</em></span> <span class='ocrx_word' id='word_1_279' title='bbox 320 3943 417 4026; x_wconf 85' lang='lat' dir='ltr'>Vide</span> <span class='ocrx_word' id='word_1_280' title='bbox 437 3945 689 4043; x_wconf 87' lang='lat' dir='ltr'>benignitatem</span> <span class='ocrx_word' id='word_1_281' title='bbox 703 3941 796 4042; x_wconf 77' lang='lat' dir='ltr'>Dei,</span> <span class='ocrx_word' id='word_1_282' title='bbox 824 3970 959 4041; x_wconf 88' lang='lat' dir='ltr'>quomo</span> <span class='ocrx_word' id='word_1_283' title='bbox 965 3947 1067 4023; x_wconf 83' lang='lat' dir='ltr'>dont</span> <span class='ocrx_word' id='word_1_284' title='bbox 1084 3971 1151 4021; x_wconf 91' lang='lat' dir='ltr'>nos</span> <span class='ocrx_word' id='word_1_285' title='bbox 1170 3951 1323 4042; x_wconf 75' lang='lat' dir='ltr'>doceat,</span> <span class='ocrx_word' id='word_1_286' title='bbox 1351 3951 1385 4024; x_wconf 85' lang='lat' dir='ltr'>dt</span> 
     </span>
     <span class='ocr_line' id='line_1_37' title="bbox 321 4047 1386 4155; baseline -0.004 -26"><span class='ocrx_word' id='word_1_287' title='bbox 321 4050 499 4155; x_wconf 72' lang='lat' dir='ltr'>penedos</span> <span class='ocrx_word' id='word_1_288' title='bbox 525 4048 661 4148; x_wconf 86' lang='lat' dir='ltr'>faciat,</span> <span class='ocrx_word' id='word_1_289' title='bbox 693 4047 1020 4150; x_wconf 75' lang='lat' dir='ltr'>ipsefragllitatem</span> <span class='ocrx_word' id='word_1_290' title='bbox 1041 4052 1278 4128; x_wconf 89' lang='lat' dir='ltr'>humanorum</span> <span class='ocrx_word' id='word_1_291' title='bbox 1307 4072 1386 4126; x_wconf 90' lang='lat' dir='ltr'>non</span> 
     </span>
     <span class='ocr_line' id='line_1_38' title="bbox 1228 4170 1331 4225; baseline 0.019 -4"><span class='ocrx_word' id='word_1_292' title='bbox 1228 4170 1331 4225; x_wconf 73' lang='lat' dir='ltr'><strong>recu·</strong></span> 
     </span>
    </p>
   </div>
   <div class='ocr_carea' id='block_1_3' title="bbox 0 0 1714 4692">
    <p class='ocr_par' dir='ltr' id='par_1_3' title="bbox 0 0 1714 4692">
     <span class='ocr_line' id='line_1_39' title="bbox 0 0 1714 4692; baseline 0 3"><span class='ocrx_word' id='word_1_293' title='bbox 0 0 1714 4692; x_wconf 95' lang='lat' dir='ltr'> </span> 
     </span>
    </p>
   </div>
  </div>
 </body>
</html>
