3417 4692
388 377 458 473 146
731 327 1159 452 nurnnu'rs'
1261 437 1266 448 ,

388 542 604 636 suspicantur
623 536 742 612 Deum
759 552 831 612 tam
850 540 1002 635 ingentis
1020 538 1090 612 esse
1109 543 1296 635 corporis,
1327 554 1371 614 ut
1384 563 1448 636 pu·

387 653 575 720 tent'eum
601 637 781 712 sedentem
802 641 838 713 in
862 641 954 712 coelo
980 640 1090 730 pedes
1116 641 1225 732 usque
1251 639 1448 718 adsertam

385 739 616 837 protendere.
666 733 751 811 Hoc
768 753 885 811 autem
906 736 1086 831 sentiunt,
1114 743 1289 831 quianon
1310 743 1445 816 habent

386 843 463 915 illas
486 857 615 930 aures,
650 858 726 928 quae
751 839 857 934 digne
870 833 1009 932 'possint
1031 837 1152 912 audire
1171 845 1283 912 verba
1308 837 1380 912 Dei
1402 843 1448 916 de

275 990 280 998 .
386 939 497 1033 Deo,
525 957 602 1030 quae
624 958 688 1031 per
704 937 922 1031 scripturam
944 935 1162 1013 referuntur.
1212 939 1326 1034 Quod
1348 943 1445 1016 enim

321 1095 324 1108 .
387 1040 497 1133 dicit,
526 1039 641 1109 calum
663 1039 752 1109 malu-
764 1039 846 1124 sedes
863 1037 932 1134 ests
947 1037 998 1109 ita
1016 1039 1121 1133 digne
1139 1037 1183 1110 de
1205 1038 1291 1110 Deo
1314 1040 1445 1112 intelli·

384 1142 492 1310 gitur,
508 1154 550 1209 ut
564 1134 724 1230 sciamus,
739 1138 820 1228 quia
831 1137 867 1209 in
879 1137 948 1224 his,
965 1156 1117 1228 quorum
1129 1137 1272 1234 ipcoelis
1288 1159 1445 1212 conver..

402 1240 474 1310 atio
495 1237 570 1328 est,
597 1237 696 1309 Deus
721 1234 908 1328 requiescit
928 1235 964 1308 δι
984 1236 1123 1311 residet.
1174 1236 1217 1309 ln
1235 1238 1288 1309 his'
1309 1253 1442 1332 autem,

386 1339 445 1428 qui
462 1338 577 1410 adhuc
598 1352 778 1409 terrenum
797 1335 1020 1428 propositum
1039 1349 1188 1432 gerunt,
1220 1338 1344 1409 ultima
1359 1357 1443 1432 pars

385 1439 460 1529 ejus
477 1437 715 1532 providentiae
728 1435 927 1525 invenitur,
944 1437 1040 1525 quod
1048 1437 1085 1508 in
1098 1436 1226 1528 pedum
1236 1438 1447 1528 appellatio.

383 1558 430 1609 ne
452 1535 643 1640 figuraliter
664 1531 849 1609 indicatur.
896 1533 954 1606 Ex
974 1537 1100 1626 quibus
1123 1534 1147 1607 sr
1176 1537 1235 1625 qui
1257 1535 1354 1608 sorte
1371 1536 1467 1634 ltu-fl

386 1637 481 1710 dium
512 1657 553 1708 ac
576 1634 783 1709 desiderium
808 1630 990 1707 sumserint
1015 1629 1093 1706 fieri
1115 1634 1299 1726 coelestes,
1325 1635 1444 1728 perse·

344 1781 346 1796 .
384 1735 503 1807 stione
518 1737 623 1826 vitae,
641 1734 884 1808 &intelleslus
900 1729 1319 1823 altitudine‚efficiuntur
1333 1736 1443 1819 etiam

382 1837 444 1926 ipsr
469 1835 566 1905 sedes
599 1833 696 1925 Dei,
729 1833 810 1906 fasti
834 1835 929 1926 prius
955 1834 1081 1925 peritia
1103 1832 1144 1904 &0
1161 1832 1441 1907 conversatione

383 1933 559 2006 coelestes:
585 1936 643 2024 qui
661 1935 766 2005 etiam
783 1932 927 2024 dicunt,
955 1933 1134 2020 Suscitavit
1146 1955 1204 2003 aas
1216 1959 1283 2001 cum
1300 1936 1440 2029 cornia,

375 2031 420 2109 θ
431 2033 526 2127 fimus
542 2035 641 2120 [edere
659 2057 715 2101 nos
727 2033 808 2123 fecit
824 2039 859 2102 in
873 2033 1043 2126 celestibus.
1078 2031 1148 2104 Sed
1164 2032 1197 2103 &
1213 2033 1262 2104 illi
1283 2053 1438 2122 quorum

380 2133 562 2204 thesaurus
581 2132 617 2203 in
639 2135 731 2203 coelo
752 2131 824 2222 est,
851 2129 1008 2203 coelestes
1032 2131 1100 2204 dici
1116 2129 1260 2223 poliunt
1280 2132 1314 2202 δι
1339 2130 1439 2205 sedes

380 2223 475 2322 Dei,
495 2233 662 2324 qaroniam
673 2231 721 2301 ibi
740 2230 789 2302 est
805 2252 870 2302 cor
883 2251 1022 2321 eorum,
1036 2232 1098 2303 ubi
1114 2231 1164 2302 est
1178 2230 1357 2302 thesaurus
1375 2253 1442 2302 eo-

375 2335 469 2403 rum.
524 2332 569 2401 lit
587 2351 662 2402 non
678 2329 789 2402 solum
809 2328 997 2421 requiescit
1016 2328 1117 2422 super
1140 2351 1204 2401 eos
1226 2329 1349 2419 Deus,
1378 2329 1442 2406 sed

369 2417 414 2506 '&
431 2431 606 2502 inhabitat
620 2432 656 2500 in
672 2432 734 2505 eis:
785 2427 821 2502 Si
838 2450 929 2501 uero
949 2445 1069 2502 tantus
1091 2430 1166 2520 quis
1187 2426 1277 2500 effici
1295 2427 1445 2523 potest,

376 2545 419 2605 ut
442 2531 545 2624 possit
570 2531 714 2621 dicere,
740 2531 795 2600 An
816 2532 1029 2600 documentum
1048 2533 1191 2623 quaririr
1210 2534 1292 2623 ejus,
1319 2533 1377 2625 qui
1398 2537 1446 2600 in.

375 2655 423 2703 me
435 2635 574 2725 loquitur
590 2625 760 2726 clulius?
784 2628 821 2702 in
833 2629 994 2701 llocnnn
1008 2625 1121 2700 solum
1133 2626 1437 2723 inhabitatsleus,

373 2731 562 2807 sedetiam
588 2730 791 2804 inambulat.
844 2725 891 2800 Et
910 2745 1105 2820 propterea
1132 2727 1279 2818 perfetli
1299 2727 1435 2819 quique

260 2889 263 2899 .
374 2829 532 2903 coelestes
549 2829 644 2919 fasti,
670 2830 730 2901 vel
749 2829 827 2900 coeli
840 2826 977 2918 effesii,
1004 2841 1168 2900 enarrant
1182 2828 1330 2921 gloriam
1345 2827 1433 2920 Dei,

372 2933 460 3004 ficut
480 2931 515 3000 in
535 2927 666 3020 psalmo
687 2928 826 3000 dicitur.
865 2926 1062 3018 Propterea
1078 2927 1229 3016 denique
1247 2924 1431 3020 Apostoli,

373 3032 432 3121 qui
464 3041 566 3100 erant
593 3029 694 3119 coeli,
730 3029 920 3113 mittuntur
944 3026 987 3098 ad
1016 3025 1248 3110 enarrandum
1280 3025 1433 3119 gloriam

370 3131 467 3215 Ilei,
498 3129 530 3199 &
554 3127 758 3222 Boanerg'es
779 3146 911 3200 nomen
936 3125 1144 3218 accipiunt,
1179 3125 1277 3214 quod
1297 3123 1348 3196 est
1367 3121 1433 3198 filii

371 3228 544 3320 tonitrui,
571 3241 611 3298 ut
627 3247 689 3319 per
704 3226 854 3298 tonitrui
871 3225 1105 3318 potestatem,
1131 3244 1222 3297 vere
1237 3227 1300 3296 'eos
1318 3227 1433 3297 coelns

369 3323 438 3400 eise
455 3325 649 3401 credamus
682 3330 769 3395 Fecit
794 3346 880 3421 ergo
903 3330 991 3396 Deus
1006 3327 1183 3410 honrinem,
1209 3327 1432 3418 adiungimus

369 3432 436 3499 Dei
445 3427 527 3515 fecit
544 3428 641 3494 alum.
695 3422 857 3518 Oportet
875 3444 943 3498 nos
957 3423 1097 3514 videre,
1114 3421 1253 3512 quaeest
1267 3422 1330 3494 ista
1341 3423 1431 3496 ima·

367 3547 415 3624 go
433 3526 516 3619 Dei,
534 3525 568 3596 ἃ
584 3524 801 3618 perquirere,
822 3524 865 3596 ad
882 3523 982 3616 cujus
997 3523 1156 3618 imaginis
1170 3521 1432 3616 similitudinem

367 3628 480 3700 homo
504 3619 613 3695 fastus
635 3621 695 3696 est.
747 3622 837 3695 Non
864 3624 957 3695 enim
979 3623 1091 3714 dixit,
1118 3621 1199 3712 quia
1225 3619 1437 3694 fecitDeuu'

364 3727 547 3799 hominem
573 3723 615 3795 ad
637 3723 823 3816 imaginem
851 3721 1164 3795 &similitudinem
1190 3717 1313 3809 suam,
1350 3719 1431 3812 sed',

363 3829 415 3914 Ad
435 3828 598 3916 ferruginem
620 3825 683 3891 Dei
695 3823 778 3912 jecit
795 3825 893 3894 istum.
946 3823 1037 3992 311ae
1056 3819 1107 3892 est
1123 3838 1211 3914 ergo
1231 3818 1297 3890 ah'a
1309 3820 1429 3916 imago

361 3922 433 3996 Dei
445 3922 487 3995 ad
516 3923 614 4012 cujus
635 3919 793 4016 imaginis
809 3919 950 3995 similitu
975 3921 1069 3992 inem
1087 3916 1197 3991 fatlus
1218 3916 1268 3990 est
1287 3918 1427 4012 homo,

360 4022 425 4097 nist
445 4021 613 4094 Salvator
633 4019 776 4109 noster,
816 4021 877 4114 qui
897 4017 948 4093 est
968 4023 1197 4126 primogenitus
1218 4022 1319 4090 omnis
1341 4043 1428 4190 epea·

1085 4143 1090 4158 ·
1265 4131 1345 4187 tura
1384 4167 1391 4174 -
