3417 4692
374 309 376 316 ¹
475 311 1170 456 euteerniiiexonuii'
1271 333 1402 475 337³

278 543 353 615 beo
371 537 513 632 Deum3
529 541 589 615 -sin
608 556 726 617 autern
748 539 822 616 sum
837 553 1037 636 peccator,
1064 554 1203 633 patrem
1220 540 1341 616 habeo

280 642 489 732 diabolum,
515 643 609 735 imo,
636 661 717 715 eum
738 643 843 716 etiam
865 642 925 733 qui
940 642 1104 733 proxime
1120 639 1244 713 audior
1258 659 1342 734 pec·

280 744 353 813 cati
368 738 499 834 suerit,
526 756 612 835 puta
632 740 909 834 Antichristum,
935 739 995 812 seu
1013 738 1144 812 diaboli
1165 740 1356 832 Angelum:
1423 789 1429 806 .

280 842 460 932 aliquem,
487 856 547 914 aut
564 841 777 914 demonium
797 842 897 933 cujus
919 839 1113 913 suasionem
1135 843 1280 933 recepi:
1308 838 1346 913 dt

280 942 458 1014 innumeri
474 942 623 1014 omnino
643 941 730 1014 mihi
745 938 826 1012 sunt
844 956 993 1033 patres,
1019 939 1044 1011 si
1062 953 1237 1031 peccator
1258 940 1345 1038 fim,

280 1038 338 1112 uti
354 1039 518 1132 vicissim,
544 1042 569 1111 ii
590 1038 702 1132 justus
723 1039 872 1133 fuerim,
899 1055 1002 1133 pater
1024 1059 1125 1111 meus
1149 1037 1199 1111 est
1219 1039 1346 1133 Deus,

284 1139 582 1232 quemadmodum
610 1139 659 1214 ait
685 1137 878 1232 Salvator,
908 1139 1010 1231 filioli
1022 1185 1034 1225 ,
1068 1139 1170 1208 adhuc
1195 1140 1347 1209 modicum

281 1241 439 1326 pubiicum
472 1241 556 1329 firm.
614 1238 664 1310 Et
697 1239 853 1313 iterum:
880 1241 977 1332 fitia,
1007 1240 1091 1329 fides
1130 1255 1188 1309 tua
1223 1256 1254 1309 re
1282 1239 1349 1328 sas·

283 1364 361 1408 vam
380 1338 472 1431 fecit.
536 1334 586 1409 Et
612 1335 752 1430 rursus,
778 1340 853 1429 fisi,
885 1342 1100 1410 dimittuntur
1124 1339 1187 1408 tibi
1212 1357 1346 1432 peccatu.

284 1439 346 1512 Sic
367 1439 456 1511 aiios
482 1459 627 1530 quoque
656 1444 776 1531 patres
807 1438 929 1531 novi,
966 1436 1159 1511 secundnm
1185 1437 1222 1510 id
1249 1438 1350 1530 quod

283 1536 441 1610 Abrahae
456 1537 584 1611 dietum
607 1536 675 1610 est:
706 1531 756 1609 Tu
773 1555 877 1610 autem
897 1539 959 1610 ibis
971 1541 1011 1609 ud
1029 1553 1138 1633 porres
1157 1554 1244 1626 tuor,
1271 1558 1351 1614 non

285 1638 444 1710 carnales
474 1653 621 1730 patres,
655 1640 891 1728 nequeenim
917 1651 1019 1720 erent
1040 1635 1194 1732 fideles,
1231 1657 1352 1728 neque

285 1734 415 1829 santii,
441 1749 482 1809 ut
502 1737 615 1828 liquet
634 1757 680 1809 ex
698 1757 824 1810 eorum
841 1736 996 1812 historin
1048 1734 1085 1808 Si
1101 1737 1195 1810 enim
1214 1733 1350 1814 sanetus

288 1837 365 1929 ejus
380 1847 505 1929 pater,
532 1856 608 1909 non
626 1836 660 1909 ei
675 1835 889 1911 diceretur:
919 1837 1070 1929 Egrederr
1098 1839 1134 1907 de
1156 1853 1254 1907 terre
1273 1855 1351 1924 iia,

286 1934 327 2011 sl
340 1937 376 2007 dr
391 1944 571 2030 cognatione
586 1951 662 2023 tua,
687 1937 726 2013 di
740 1938 777 2007 dt
790 1938 989 2033 drmopatrir
1005 1938 1066 2010 tui.
1119 1935 1241 2010 Habet
1256 1931 1354 2013 enim
1393 2015 1396 2021 ,

286 2033 403 2108 sermo
434 2032 570 2108 sensum
595 2055 836 2131 corporeum,
870 2033 1039 2130 habet&
1066 2033 1268 2129 spiritalem.
1289 2053 1292 2060 ·
1314 2033 1354 2108 si

286 2149 407 2229 patres
436 2134 663 2226 intellexisti,
697 2135 782 2209 vide
799 2138 871 2229 jam
888 2137 971 2228 quid
990 2150 1033 2207 tu
1048 2135 1223 2229 recipias,
1249 2136 1308 2227 qui
1332 2157 1354 2210 a

290 2234 438 2307 diabolo
472 2249 534 2308 aut
573 2257 594 2307 a
627 2232 789 2327 subJettis
823 2237 858 2308 ei
899 2235 1076 2330 spiritibus
1107 2236 1355 2328 impulsionem

289 2332 477 2427 peccando
509 2331 712 2426 susceperis.
763 2334 890 2408 Fadius
923 2337 1031 2430 igitur
1057 2336 1202 2407 iiloriim
1234 2333 1366 2429 iilius‚·

293 2435 437 2506 abono
461 2431 545 2532 Deo
568 2448 606 2506 te
630 2434 795 2506 visitante
820 2435 962 2526 recipis.
1022 2433 1154 2525 Neque
1181 2434 1275 2507 enim
1302 2436 1356 2505 vi·
1431 2453 1435 2464 ’

289 2534 372 2608 fitut
398 2545 535 2625 petrem
570 2546 704 2625 tuum,
746 2533 803 2605 sed
828 2547 866 2605 te
892 2535 1042 2628 visitat3
1068 2534 1235 2626 ecdicii
1263 2534 1355 2606 tibi:

291 2635 379 2706 Anti·
392 2633 493 2724 filia,
519 2629 558 2707 (5
574 2634 668 2712 vide,
696 2629 736 2706 ὅ
761 2637 886 2704 inerim
909 2657 1020 2706 aierem
1040 2650 1146 2719 tuem,
1172 2633 1237 2707 Ue.
1272 2652 1358 2724 pro·

294 2752 365 2823 que
381 2729 440 2804 sua
454 2731 675 2828 benignitate
695 2732 760 2818 tibi
779 2731 851 2805 dat
902 2731 960 2805 Te
975 2753 1129 2823 numque
1148 2731 1230 2804 mali
1247 2732 1358 2822 patris

292 2828 407 2905 filium
423 2831 562 2924 visitat,
590 2846 740 2924 peccata
754 2833 920 2906 reddens.
965 2830 1116 2919 *Vifiraio
1129 2837 1165 2901 iii
1182 2836 1273 2924 virga
1292 2836 1360 2900 ini-

294 2937 434 3030 quitates
450 2929 608 3025 vestrim,
634 2933 721 3004 lieet
742 2930 847 3004 siniti
871 2931 964 3027 sitis,
992 2931 1145 3006 visitabo
1166 2928 1206 3007 (5
1229 2934 1266 3000 sei
1280 2955 1361 3001 ver·

295 3031 416 3112 boribus
445 3048 571 3126 peccato
603 3056 717 3105 eorum.
782 3029 999 3131 Quorsum?
1042 3046 1086 3103 ut
1117 3032 1361 3119 misericordiam

295 3155 475 3204 menmium
492 3131 713 3226 dispergamus
733 3136 787 3205 eis.
837 3130 910 3204 Ubi
930 3134 1022 3205 enim
1039 3132 1192 3222 aliquem
1209 3132 1362 3222 relique-
1481 3211 1483 3216 ,

294 3232 374 3323 rit,
412 3252 490 3304 non
515 3232 662 3323 amplius
693 3230 862 3327 castigat,
898 3245 959 3304 aut
986 3230 1151 3325 flagellat.
1206 3233 1363 3325 magellae

296 3331 392 3406 enim
407 3351 485 3405 11011
502 3352 650 3423 omneS,
675 3332 735 3405 sed
747 3333 997 3421 ommmflffum,
1012 3354 1102 3427 quem
1120 3337 1230 3426 recipit
1253 3335 1372 3416 Domi-¹

298 3457 375 3503 uus:
394 3432 595 3521 diciturque
604 3432 697 3522 apud
712 3432 927 3523 prophetem
938 3430 1148 3503 demaximis
1164 3431 1364 3523 peccatori-

297 3534 386 3605 bus:
404 3535 485 3604 Non
493 3531 623 3625 viſstaiio
630 3530 822 3626 superfisius
835 3533 954 3627 vestras
967 3555 1034 3600 tum
1040 3529 1364 3621 fornicutaefuerint,

298 3632 339 3708 Θ
353 3633 447 3726 super
454 3631 583 3728 sponsas
600 3632 718 3728 uestras
732 3656 800 3699 cum
811 3629 944 3722 fuerint
962 3630 1172 3727 constuprata.
1208 3627 1364 3704 Tamdiu

300 3729 365 3821 est,
384 3752 513 3821 eiquo
528 3746 656 3823 peccat
671 3732 833 3804 diabolus
850 3751 871 3802 a
887 3730 1072 3801 creatione
1088 3750 1129 3800 ac
1144 3731 1265 3802 mundi
1277 3749 1366 3800 con·
1434 3737 1437 3742 ’

299 3830 515 3924 stitutione,
545 3833 670 3903 neces
700 3831 791 3927 ignis
817 3850 886 3902 nec
910 3827 1099 3923 flagellum.
1151 3828 1241 3901 Non
1264 3828 1365 3902 enim

299 3950 483 4023 poenarum
502 3930 625 4025 dignus
639 3929 710 4023 est,
729 3952 807 4023 quae
826 3926 945 4003 aDeo
958 3926 1190 4025 infliguntur,
1216 3949 1285 3999 nec
1299 3948 1365 4020 po·

301 4027 371 4110 test
392 4029 554 4108 diabolus
582 4030 730 4122 dicere:
765 4034 938 4119 Domine,
972 4053 1013 4102 m
1037 4036 1075 4102 iri
1099 4034 1152 4103 ire
1172 4044 1229 4101 tua
1251 4051 1367 4118 arguas

352 4132 502 4224 origem}
530 4124 616 4203 Tim.
647 4133 690 4204 V.
915 4124 953 4199 Y
1247 4152 1329 4217 riieq
