3417 4692
467 389 533 469 IN
560 388 842 466 GENESIM
861 390 1144 520 Homero
1167 389 1231 472 111.
1310 406 1378 490 183

320 554 430 630 daicis
450 553 576 626 fabulis
593 607 606 644 ‚
634 552 947 626 &narrationibus
965 553 1117 646 fetidis,
1151 553 1323 629 &video
1341 558 1379 630 in

319 655 389 726 illis
412 652 554 745 vestris,
581 674 624 726 an
635 655 672 724 in
686 653 761 745 his,
789 675 866 746 quae
881 655 919 726 in
940 651 1067 726 Christi
1086 651 1243 728 Eccleiia
1256 657 1379 752 pradi-

320 768 449 826 cantur
472 752 872 828 circumcioodivinitus
886 751 1118 836 observetur:
1142 753 1254 828 srnou
1271 757 1380 830 etiam

318 851 394 948 ipse
410 851 537 946 sentis,
564 851 778 950 &intelligis
793 853 885 925 hanc
901 851 1062 927 Ecclefiae
1075 855 1381 928 circumciironem

319 951 524 1042 honestam,
551 950 720 1040 sarabiam,
751 953 832 1024 Deo
850 951 1010 1050 dignam3
1037 953 1290 1028 illamvestram
1308 970 1382 1027 tur-

319 1073 423 1147 pem,
450 1049 597 1145 soedam‚
624 1049 844 1144 deformem,
872 1051 948 1146 ipso
969 1053 1075 1130 etiam
1096 1053 1219 1126 habitu
1236 1053 1268 1126 ἃ
1285 1053 1380 1148 aspe-

321 1151 379 1225 &u
397 1173 622 1246 murupurov
641 1151 901 1246 praeferentem.
953 1155 999 1224 Er
1020 1161 1083 1222 eru
1107 1147 1253 1248 (inquit
1276 1153 1379 1228 Deus

321 1253 366 1324 ad
386 1251 587 1350 Abraham)
604 1253 786 1348 circumcifiu
805 1251 842 1328 U
858 1253 1070 1347 testamentum
1090 1277 1190 1322 meum
1199 1255 1294 1350 super
1313 1277 1381 1324 car·

321 1377 394 1421 nem
411 1371 497 1420 ruam
561 1353 596 1423 Si
609 1373 700 1446 ergo
715 1353 793 1424 talis
813 1351 923 1434 fuerit
940 1353 1016 1424 uita
1035 1349 1177 1442 nostra,
1203 1354 1252 1424 ita
1267 1355 1379 1426 omui-

320 1453 390 1524 bus
407 1451 572 1525 membris
594 1451 764 1543 quadrata
782 1450 1050 1544 (incomposita,
1076 1465 1118 1524 ut
1132 1452 1288 1526 uuiversr
1303 1471 1381 1526 mo·

322 1565 382 1622 tus
405 1549 515 1622 nostri
539 1548 726 1623 secundum
751 1551 819 1624 Dei
841 1553 937 1646 leges
960 1567 1135 1646 agantur,
1170 1570 1258 1624 vere
1277 1549 1380 1624 testa·

320 1666 481 1725 mentum
508 1649 576 1723 Dei
600 1651 668 1723 erit
689 1651 790 1743 super
811 1671 953 1724 carnem
976 1649 1144 1725 nostram.
1196 1649 1285 1724 Haec
1307 1651 1381 1742 qui·

323 1750 404 1824 dem
421 1750 583 1823 breviter
602 1751 742 1823 anobis
757 1751 800 1824 de
820 1752 935 1824 ueteri
954 1748 1167 1824 testamento
1185 1747 1381 1822 transcursa

321 1851 410 1938 siut,
439 1851 480 1920 ad
490 1847 731 1922 confutandos
743 1873 828 1942 eos,
857 1851 965 1942 quiin
983 1849 1097 1924 caruis
1112 1847 1381 1922 circumcirione

323 1947 531 2042 confidunt,
549 1949 694 2022 simul&
709 1949 953 2023 adiiccieiram
969 1947 1114 2021 Domini
1125 1945 1381 2024 aedificandum.

399 2072 433 2142 7.
445 2047 513 2120 Sed
525 2047 634 2122 venio
652 2048 812 2122 etiamad
828 2071 967 2124 novum
980 2047 1242 2142 testamentum,
1257 2049 1380 2142 inquo

322 2147 374 2224 est
387 2148 575 2243 plenitudo
593 2147 772 2241 omnium,
799 2148 932 2223 &inde
951 2151 1044 2220 volo
1060 2145 1268 2238 ostendere,
1293 2167 1381 2240 quo·

320 2249 435 2324 modo
459 2247 491 2318 or
515 2267 583 2319 nos
603 2247 767 2340 poffimus
789 2269 928 2322 novum
955 2247 1204 2323 testamentum
1230 2245 1382 2320 Domini

320 2346 433 2424 nostri
443 2343 524 2441 Jesu
534 2343 661 2420 Christi
674 2347 804 2421 habere
820 2347 924 2442 super
940 2367 1082 2420 carnem
1096 2346 1264 2420 nostram.
1289 2345 1329 2420 N
1330 2367 1381 2420 on

323 2451 415 2522 enim
435 2445 561 2519 sufficit
579 2443 656 2518 solo
679 2448 826 2522 nomine
841 2443 879 2519 'or
901 2449 1018 2520 verbo
1034 2447 1111 2520 haec
1131 2445 1222 2535 dici,
1249 2443 1307 2519 sed
1327 2467 1382 2519 re·

320 2549 387 2622 bus
407 2558 559 2638 oportet
573 2545 723 2639 impleri.
774 2547 932 2642 Joannes
955 2546 1087 2640 quippe
1111 2543 1312 2640 Apostolus
1332 2545 1382 2618 di·
1454 2561 1461 2568 ·

323 2650 392 2720 cit:
423 2653 531 2716 omnis
543 2645 697 2736 spiritus,
713 2650 771 2744 qui
781 2649 949 2736 confitetur
962 2649 1072 2741 Jesum
1091 2651 1128 2714 in
1143 2669 1239 2716 carne
1252 2645 1383 2736 vemffe,

321 2745 485 2842 aDeoefl.
541 2744 640 2844 Quid
658 2743 776 2841 ergo?
804 2743 838 2818 Si
848 2765 1003 2840 peccans
1018 2743 1120 2836 quis,
1147 2744 1268 2817 &uon
1286 2741 1383 2818 reste

322 2866 430 2943 agens
449 2841 665 2918 confiteatur
684 2844 802 2939 Jesum
823 2846 860 2918 in
880 2865 987 2920 carne
1008 2841 1166 2935 remise,
1203 2844 1240 2916 in
1260 2842 1384 2936 spiritu

321 2945 395 3022 Dei
418 2944 598 3018 videbitur
620 2941 820 3019 confiteri?
853 2944 945 3018 Non
962 2943 1014 3020 est
1036 2945 1110 3018 hoc
1134 2941 1384 3018 testamentum

320 3044 396 3119 Dei
411 3046 543 3118 habere
559 3043 595 3116 in
617 3065 752 3135 came,
775 3043 833 3119 sed
852 3046 890 3119 iu
909 3065 1020 3121 voce.
1071 3044 1215 3120 Dicitur
1232 3063 1319 3140 ergo
1338 3039 1383 3118 ao

320 3167 403 3218 eum
423 3143 548 3219 statim.
599 3143 705 3218 Erras
721 3146 861 3237 homo,
885 3168 1011 3240 regnum
1030 3149 1096 3217 Du·
1111 3169 1179 3216 um
1198 3147 1236 3214 in
1247 3139 1385 3235 sumone

319 3243 379 3340 ιβ,
399 3244 453 3332 sad
472 3252 510 3314 in
524 3249 662 3318 uirtute.
714 3245 916 3342 Quomodo
938 3267 1027 3341 ergo
1044 3243 1115 3318 erit
1132 3243 1382 3318 testamentum

319 3342 449 3417 Christi
469 3342 572 3439 super
593 3365 735 3418 carnem
760 3367 896 3438 meam,
924 3348 1082 3438 requiro.
1134 3345 1170 3416 Si
1187 3337 1381 3418 mortifica·

322 3463 414 3516 vero
430 3446 588 3519 membra
603 3465 702 3535 mea,
725 3465 802 3536 quae
816 3443 897 3517 sunt
909 3444 1176 3538 superterram,
1196 3440 1383 3516 testamen·

320 3556 398 3616 tum
423 3543 551 3616 Christi
574 3545 691 3618 habeo
713 3542 817 3638 super
840 3565 984 3620 earnem
1009 3565 1135 3620 meam.
1191 3541 1229 3616 Si
1248 3540 1385 3632 semper

319 3657 475 3716 mortem
494 3642 621 3716 Christi
637 3643 673 3716 in
694 3663 853 3736 corpore
875 3665 960 3720 meo
983 3641 1255 3734 circumferam,
1281 3639 1385 3713 testa·

312 3751 482 3816 'mentum
503 3741 630 3815 Christi
651 3741 755 3816 estin
774 3763 934 3838 corpore
957 3766 1069 3836 meo,
1097 3742 1178 3833 quia
1188 3742 1218 3836 .ss
1236 3743 1385 3835 compari·

321 3866 413 3930 mur,
440 3841 477 3918 U
495 3841 758 3938 conregnabimus.
810 3841 846 3914 Si
864 3833 1125 3938 complantatus
1150 3829 1256 3914 mero
1272 3834 1386 3912 omili-

320 3941 438 4014 tudini
454 3945 581 4016 mortis
595 3943 695 4036 ejus,
722 3939 972 4016 testamentum
986 3945 1061 4036 ejus
1079 3939 1231 4014 ostendo
1251 3935 1320 4012 erre
1335 3933 1388 4010 su·

320 4061 388 4138 per
407 4062 551 4118 carnem
565 4065 691 4120 meam.
744 4041 844 4146 Quiri
863 4047 957 4144 enim
976 4041 1122 4140 prodest
1139 4041 1165 4116 sr
1182 4039 1220 4114 in
1234 4039 1294 4112 iila
1311 4051 1389 4112 tan·

811 4139 863 4216 'M
887 4153 930 4236 4⁶
962 4161 967 4170 ’
1127 4159 1145 4170 ··
1174 4156 1198 4170 “·
1264 4149 1357 4208 ’eom'
