3417 4692
328 389 464 486 '³⁶6
702 379 1152 470 oulotmrs

323 607 325 612 .
386 549 502 622 literae
518 545 678 637 steteris,
707 543 741 616 ra
757 544 910 618 historiae
923 559 1061 620 textum
1073 545 1220 638 judaicis
1235 545 1451 634 narrationi-

391 652 459 738 bus
472 645 646 738 iunetias,
672 661 747 718 non
771 645 956 732 occurristi
974 646 1092 737 Moysi
1111 647 1147 718 in
1170 661 1330 720 montem
1356 647 1449 739 liei,

390 769 458 822 nec
476 767 517 818 os
535 759 635 818 tuum
651 745 788 838 aperuit
807 745 937 837 ¹Deus,
961 766 1077 835 neque
1095 745 1261 818 instruxit
1281 761 1341 839 te,
1370 767 1448 836 qrrae

393 859 565 938 oporteat
578 860 615 924 te
630 844 740 936 loqui.
766 842 841 916 Nisi
859 863 946 938 ergo
963 841 1087 916 Aaron
1101 844 1308 918 occurrisset
1322 843 1448 938 Moysi

390 947 428 1020 in
447 958 606 1034 monte,
638 945 698 1016 nis1
718 945 793 1034 ejus
818 940 952 1016 sensum
975 941 1156 1016 sublimem
1178 944 1376 1018 vidisset&
1396 964 1449 1016 ar·

390 1047 527 1138 duum,
544 1044 604 1116 nist
626 1041 795 1126 excelsam
815 1042 889 1134 ejus
911 1043 1176 1137 intelligentiam
1194 1043 1447 1136 perspexissem

273 1194 276 1201 -
390 1165 570 1235 nunquam
593 1144 624 1216 ei
645 1143 788 1215 locutus
808 1139 926 1214 fuisset
948 1149 1061 1214 verba
1076 1143 1169 1234 Dei,
1194 1165 1311 1235 neque
1329 1143 1449 1216 virtu·

390 1259 504 1318 tutem
530 1244 708 1338 fignorum
729 1242 1045 1336 prodigiorumque
1071 1241 1290 1336 tradidisset,
1325 1263 1449 1336 neque

387 1344 594 1438 participem
612 1362 691 1412 eum
708 1341 797 1414 tanti
816 1339 971 1432 mysterii
988 1339 1222 1416 conscivisset.

388 1446 391 1454 “
464 1462 496 1534 3.
524 1443 660 1514 Verum
688 1441 854 1531 quoniam
884 1443 1031 1536 longum
1060 1440 1110 1520 est
1130 1442 1184 1530 3de
1209 1441 1350 1536 lingulis
1381 1459 1447 1534 per

243 1561 245 1566 ·
290 1557 293 1566 '
390 1542 552 1615 ordinem
582 1541 725 1630 dicere,
770 1539 953 1612 videamus
980 1539 1115 1636 ingreffi
1147 1541 1192 1614 ad
1220 1539 1447 1616 Pharaonem

388 1638 537 1732 Moyses
554 1641 586 1711 ἃ
603 1637 756 1732 Aaron,
790 1638 873 1731 quid
890 1639 1032 1713 dicunt:
1067 1644 1141 1714 Hae
1159 1646 1236 1712 dicit
1261 1647 1445 1712 murinas:

390 1748 533 1828 Dimitte¹
544 1741 691 1835 populum
707 1763 825 1827 mcum,
851 1756 888 1810 ut
896 1739 1049 1828 soritium
1063 1743 1144 1822 milii·
1157 1747 1195 1810 irr-
1208 1765 1315 1812 eremo.
1352 1737 1392 1811 N
1395 1762 1447 1814 on

390 1844 470 1914 uult
494 1837 664 1932 Moyses,
690 1853 731 1910 ut
742 1840 906 1932 ,populus
921 1840 960 1912 in
974 1835 1137 1935 AEgypto
1155 1839 1289 1933 postus
1310 1837 1447 1912 serviat

387 1941 581 2032 Domino,
617 1937 675 2012 sed
697 1954 738 2010 ut
757 1951 863 2012 exeat
883 1939 919 2011 in
941 1937 1147 2032 desertum,
1181 1940 1281 2012 &ibi
1310 1937 1447 2012 serviat

387 2040 560 2118 Domino.
613 2037 698 2116 Hoc
725 2035 775 2110 est
798 2037 870 2109 sine
892 2038 1001 2110 dubio
1026 2038 1123 2129 quod
1149 2035 1326 2129 ostendit,
1348 2038 1447 2132 ¹quin

325 2224 327 2228 ¹
390 2140 507 2224 donec
526 2137 602 2227 quis
621 2136 831 2208 intenebris
854 2132 1072 2220 sacularibus
1091 2153 1236 2232 manet,
1271 2138 1305 2208 dt
1324 2137 1362 2208 in
1383 2159 1446 2209 ne·

387 2238 570 2334 gotiorum
594 2235 810 2308 obscuritate
841 2233 1027 2327 versatur,
1063 2258 1139 2310 non
1163 2235 1282 2332 potest
1306 2235 1444 2310 servire

386 2337 561 2418 Domino.
588 2332 686 2418 ¹Non
703 2336 795 2407 enim
811 2336 929 2427 potest
947 2336 1085 2409 duobus
1106 2337 1270 2409 Dominis
1287 2336 1445 2410 servire:

387 2457 463 2509 non
482 2433 601 2529 potest
625 2434 784 2507 Domino
810 2433 942 2508 servire
962 2436 996 2508 &
1017 2439 1243 2510 Mammonae.
1300 2433 1445 2508 Exeun-

387 2537 469 2616 dum
492 2537 598 2630 igitur
620 2534 725 2608 nobis
749 2532 800 2607 est
823 2535 868 2607 de
891 2532 1083 2630 AEgypto;
1114 2534 1368 2625 relinquendus
1391 2533 1444 2608 est

385 2635 561 2727 mundus,
587 2633 794 2707 srvolumus
815 2634 975 2710 Domino
994 2634 1137 2709 seruire.
1174 2633 1443 2723 Relinquendus

385 2750 525 2826 autem,
563 2733 674 2827 dico,
708 2754 784 2806 non
806 2735 920 2824 loc0,
952 2732 1012 2806 sed
1034 2738 1179 2808 animo:
1212 2754 1288 2804 non
1311 2734 1443 2822 itinere

383 2832 673 2931 proficiscendO,
704 2830 762 2906 sed
786 2831 858 2906 fide
882 2828 1117 2924 proficiendo.
1167 2831 1263 2904 Audi
1288 2829 1366 2904 haec
1387 2854 1442 2904 ea·

385 2936 466 3024 dem
493 2935 669 3029 Joannem
696 2932 893 3006 dicentem:
921 2934 1050 3020 Filios,
1074 2936 1174 3003 nolite
1195 2933 1322 3025 diligere
1344 2956 1440 3002 mum

384 3037 473 3122 dum,
499 3058 597 3131 neque
616 3055 654 3104 ea
675 3039 795 3129 quain
817 3034 930 3102 mundo
946 3037 1053 3123 furit,
1087 3035 1231 3130 quoniam
1251 3055 1342 3101 omne
1359 3029 1443 3128 qnod

385 3140 423 3208 in
436 3136 547 3204 mundo
560 3133 616 3230 ιβ,
642 3131 815 3230 desiderium
828 3140 934 3204 carnis
950 3135 1007 3228 esi,
1032 3132 1070 3210 (ὅ
1084 3135 1257 3226 defiderium
1271 3131 1439 3204 oculorum·

382 3229 432 3305 Et
447 3233 530 3323 quid
546 3247 664 3306 tamen
684 3232 799 3305 dicit?
827 3234 1053 3332 Quom0d0,
1079 3235 1139 3306 vel
1161 3247 1333 3322 quatenus
1355 3252 1443 3323 pro-

383 3327 499 3404 ficisci.
515 3334 619 3423 jubet
638 3355 683 3404 ex
707 3332 892 3429 AEgypto,
920 3334 1123 3406 videamus:
1163 3326 1439 3428 Waa1<inqui0

384 3436 483 3518 trium
499 3434 619 3504 dicrum
638 3433 749 3502 ibimus
769 3441 804 3502 in
822 3457 939 3522 eremo,
965 3432 1004 3508 δ’
1020 3433 1063 3514 ibi
1080 3433 1301 3503 immolabimus
1328 3435 1440 3500 Domi·

383 3556 426 3620 no
444 3536 510 3604 Deo
524 3533 633 3629 nostro.
687 3531 842 3633 Quaeest
857 3532 917 3606 via
931 3534 1036 3605 trium
1055 3533 1209 3622 dierum,
1236 3551 1313 3619 qua:
1330 3531 1439 3606 nobit

382 3631 580 3718 incedenda
606 3630 684 3725 est,
720 3645 761 3703 ut
784 3648 956 3706 exeuntes
985 3632 1030 3704 de
1056 3630 1220 3726 AEgypto
1245 3631 1440 3722 pervenire

381 3731 547 3827 possumus
567 3731 609 3803 ad
627 3732 748 3803 locum
768 3733 895 3823 inquo
918 3733 1101 3806 immolare
1123 3729 1330 3804 debeamus!
1355 3729 1439 3824 Ego

380 3832 477 3920 viam
488 3833 586 3906 illurn
600 3832 762 3925 intelligo
777 3832 836 3922 qui
849 3832 956 3904 dixit:
985 3833 1049 3924 Ego
1063 3831 1130 3916 suni
1146 3839 1222 3916 via,
1246 3829 1285 3906 (ὅ
1301 3833 1437 3916 verim,

381 3929 526 4020 &vira
579 3930 667 4004 Haec
687 3932 746 4002 via
769 3931 890 4003 triduo
908 3932 1013 4004 nobis
1034 3930 1229 4004 incedenda
1246 3925 1307 4000 est.
1361 3928 1438 4028 Qui

341 4069 344 4076 ·
382 4031 476 4116 enim
496 4028 677 4106 confessus
692 4028 852 4104 fueritin
866 4051 932 4106 ore
944 4030 1007 4106 suo
1025 4029 1221 4112 Dominum
1233 4027 1375 4201 jesumd}
1400 4027 1439 4116 da

374 4163 376 4168 ·
1274 4146 1334 4200 cre
1372 4167 1388 4182 ·
