3417 4692
487 479 489 484 Ι
568 368 1136 460 ΙΝΕΧΟΙΠῙΜ.λ
1275 383 1345 470 383

286 557 426 632 quens,
452 535 613 624 dicebat:
642 535 771 609 neritia
786 537 973 634 juventutis
990 561 1081 624 mea,
1107 536 1148 612 b
1164 540 1352 631 ignorantia

282 663 355 709 mea
371 663 411 708 ne
429 641 617 708 meminoris.
672 639 767 736 Quia
784 658 872 732 ergo
894 637 997 728 primi
1013 637 1067 709 isti
1088 639 1211 710 animae
1228 651 1350 710 motus

284 737 478 813 secundum
495 729 647 810 ¹carnem
664 737 795 830 prolati
818 739 853 809 in
872 751 1060 829 peccatum
1078 753 1211 830 rutmt,
1246 737 1351 810 meri·

284 853 327 913 to
346 835 384 910 in
403 835 530 912 morali
548 838 635 910 loco
660 830 919 932 AEgyptiorum
939 836 1122 931 primitiva
1142 854 1350 930 ponuntur,

286 959 364 1029 quae
381 953 528 1011 eatenus
551 937 837 1031 extinguuntur,
870 935 1059 1028 lireliquae
1084 937 1170 1007 vitae
1193 954 1351 1009 conver·

247 1029 250 1034 ’
283 1036 373 1110 satio
388 1037 669 1110 emendatiorem
685 1036 811 1132 dirigat
827 1031 976 1110 cursum.
1002 1035 1061 1108 Sic
1076 1055 1165 1131 ergo
1180 1031 1218 1108 in
1234 1037 1350 1110 anima

287 1154 391 1230 quam
409 1137 472 1218 lex
493 1136 614 1210 divina
641 1136 685 1207 ab
710 1138 893 1209 erroribus
919 1128 1114 1227 susceptam
1140 1131 1285 1229 castigat
1314 1136 1349 1208 dt

287 1236 455 1331 corrigit,
482 1237 589 1310 etiam
613 1233 853 1330 primogenita
873 1227 1130 1332 AEgyptiorum
1148 1234 1350 1329 intelligun-

284 1350 344 1408 tur
369 1331 438 1410 elle
464 1335 608 1422 deleta,
646 1335 706 1408 nisi
731 1333 812 1427 post
831 1335 908 1408 haec
931 1335 1110 1408 omniain
1139 1331 1350 1406 infidelitate

284 1433 458 1530 perduret
466 1486 485 1525 „
506 1435 650 1508 &nolit
666 1431 805 1529 adjungi
820 1428 1020 1506 lstaeliticae
1035 1433 1153 1528 plebi,
1186 1450 1228 1506 ut
1242 1445 1349 1506 exeat

286 1535 331 1608 de
358 1533 542 1627 profundo
562 1534 596 1606 bt
619 1534 750 1605 evadat
768 1534 987 1627 incolumis,
1021 1533 1081 1606 sed
1102 1532 1139 1606 in
1158 1532 1349 1624 iniquitate

286 1648 514 1730 permaneat,
530 1633 576 1705 ³&
590 1632 779 1706 descendat
793 1644 960 1725 tanquam
974 1635 1157 1725 plumbum
1172 1634 1349 1723 inaquam

286 1727 536 1808 validissimam.
559 1726 730 1824 ¹Iniquitas
747 1735 843 1818 enim
859 1729 1049 1806 secundum
1065 1732 1243 1806 Zachariae
1258 1731 1350 1803 Pro-

284 1835 404 1928 phetae
424 1829 537 1906 visum
559 1831 662 1925 super
685 1833 858 1920 talentum
883 1831 1018 1926 plumbi
1036 1830 1142 1906 sedet.
1195 1827 1245 1902 Et
1261 1830 1347 1906 ideo

284 1933 345 2023 qui
366 1946 553 2024 permanet
571 1929 612 2004 ‘in
635 1934 848 2024 iniquitate,
888 1923 1055 2023 tanquam
1074 1931 1260 2026 plumbum
1288 1930 1349 2004 de·

283 2034 397 2127 mergi
420 2031 551 2104 dicitur
572 2030 607 2105 in
625 2027 870 2126 profundum.¹
908 2029 1001 2104 Sane
1022 2033 1121 2124 quod
1137 2034 1175 2104 in
1192 2030 1351 2124 superio·

285 2132 384 2218 ribus
409 2131 706 2225 observavimus,
733 2132 891 2224 quaedam
918 2133 1080 2228 prodigia
1104 2152 1168 2225 per
1192 2129 1347 2224 Aaron,

286 2232 443 2322 quadam
462 2249 526 2324 per
549 2228 727 2324 Moysen,
763 2234 922 2325 quaedam
944 2253 1036 2306 vero
1055 2253 1120 2325 per
1141 2227 1251 2324 ipsum
1266 2228 1349 2302 Do·

284 2331 419 2422 minum
452 2326 677 2422 ministrata,
715 2327 867 2426 intelligi
903 2345 1053 2404 eatenus
1088 2329 1268 2425 poliunt,
1306 2342 1350 2404 ut

285 2426 515 2528 agnoscamus
537 2433 574 2504 in
595 2427 799 2522 quibusdam
820 2451 885 2524 per
911 2425 1078 2503 sacrificia
1100 2423 1349 2524 sacerdotum,

286 2532 321 2603 dt
354 2525 621 2603 obsecrationes
659 2527 873 2621 pontificum
905 2546 974 2602 nos
1010 2528 1350 2624 ellepurgandoa,

287 2627 386 2720 quod
408 2629 536 2700 Aaron
561 2624 712 2720 persona
734 2628 915 2724 designat3
953 2627 991 2702 in
1025 2621 1230 2719 quibusdam
1254 2646 1348 2700 vero

285 2748 350 2822 per
366 2726 547 2801 scientiam
559 2730 689 2800 divinae
706 2729 792 2824 legis
809 2724 1073 2820 emendandos,
1099 2739 1141 2820 ut
1155 2721 1278 2817 Moysi
1291 2722 1351 2799 de·

285 2828 397 2922 signat
414 2824 591 2915 officium;
607 2825 654 2900 ¹in
673 2829 748 2900 aliis
772 2841 914 2921 autem,
944 2828 1017 2902 sine
1037 2827 1152 2900 dubio
1166 2847 1242 2917 quae
1264 2819 1350 2898 diffi-

288 2929 414 3002 ciliora
430 2928 530 3019 sunt,
556 2927 659 3019 ipsius
680 2927 829 3000 Domini
848 2950 953 3022 cgere
974 2929 1120 3000 virtute.

291 3075 303 3116 ·.
361 3051 395 3124 9.
421 3026 491 3100 Sed
503 3027 552 3100 'ne
566 3028 658 3114 ¹illud
676 3025 815 3119 quidem
837 3029 1033 3119 precandum
1051 3021 1227 3114 eit-nobis
1240 3020 1352 3098 inani·

286 3139 344 3201 ter
368 3120 626 3218 observatum,
664 3125 761 3218 quod
786 3128 903 3220 primo
930 3127 1073 3218 quidem
1096 3123 1246 3218 Moyses
1271 3143 1351 3200 nun

285 3229 396 3312 intrat
419 3225 463 3299 ad
488 3226 728 3319 Pharaonem,
754 3224 813 3301 sed
837 3227 1000 3300 occurrit
1022 3225 1225 3310 ei‘exeunti
1249 3225 1293 3298 ad
1315 3243 1350 3298 a·

285 3347 393 3420 quas,
419 3319 647 3419 postmodum
664 3347 754 3400 vero
769 3328 881 3400 intrat
898 3325 941 3399 ad
959 3345 1063 3419 eum,
1090 3321 1256 3419 posthoc
1270 3342 1350 3398 non

281 3428 414 3519 intrat,
440 3426 500 3499 sed
520 3427 708 3500 accersitus
727 3426 884 3499 accedit:
908 3422 959 3498 Et
977 3430 1013 3499 in
1036 3427 1109 3500 boc
1126 3429 1175 3499 ita
1191 3425 1350 3498 arbitror

283 3526 434 3623 intelligi
451 3525 574 3621 posse,
602 3525 699 3618 quod
717 3526 791 3600 sive
810 3526 916 3600 nobis
933 3528 972 3599 in
987 3530 1106 3599 verbo
1124 3523 1216 3614 Dei,
1243 3523 1277 3596 dt
1295 3544 1350 3598 re·

282 3625 427 3721 ligionis
457 3625 658 3698 adsertione
687 3640 868 3698 certamen
895 3624 945 3698 est
977 3624 1162 3718 adversum
1191 3620 1350 3698 Pharao·

286 3747 391 3813 nem3
425 3724 500 3797 sive
527 3726 633 3797 etiam
658 3723 808 3797 obsellas
832 3728 876 3797 ab
900 3746 946 3798 eo
971 3729 1101 3800 animas
1126 3746 1145 3796 a
1168 3722 1349 3816 potestate
1442 3755 1449 3772 =

287 3825 365 3916 ejus
387 3845 558 3897 conamur
577 3827 741 3918 eripere,
781 3825 815 3896 dt
841 3822 892 3895 est
913 3826 1020 3897 nobis
1048 3828 1085 3897 in
1107 3821 1349 3915 disputatione
1458 3831 1468 3847 ¹

285 3922 483 4010 luilamen3
510 3944 585 3995 non
605 3922 719 3996 statim
738 3926 774 3995 in
799 3926 912 4015 prima
931 3926 1056 3998 fronte
1082 3921 1217 4020 ingredi
1242 3920 1350 3993 debe·

281 4042 363 4102 ntus
392 4020 436 4095 ad
454 4021 580 4096 utinm
601 4022 833 4114 questionum
861 4023 971 4118 loca,
1006 4023 1065 4099 sed
1087 4018 1350 4192 occurrergdurr

1188 4138 1239 4192 no
1265 4139 1294 4193 rr
