3417 4692
328 293 452 453 ¹nis¹
691 342 1105 472 onronnrs
1207 403 1210 410 .

343 513 477 592 *ditio
527 510 641 614 Quod
662 511 775 610 Judei
795 513 981 588 transitum
998 511 1104 588 maris
1125 519 1280 605 putant,
1300 503 1436 584 Paulus

368 610 581 710 baptismum
596 626 728 687 vocat:
755 633 860 706 quarn
878 613 930 687 illi
945 609 1146 687 existimant
1164 612 1321 703 nubem,
1346 607 1437 682 Pau·

368 713 426 788 lus
451 713 622 808 Spiritum
646 711 801 788 sensium
825 712 954 808 ponit:
981 711 1015 785 dt
1039 713 1125 786 huic
1149 709 1257 786 limile
1282 709 1437 808 intelligi

369 814 453 885 vult
473 811 586 906 illud,
611 810 712 907 quod
725 811 906 900 Dominus
923 812 963 888 in
979 810 1175 912 euangeliis
1193 810 1366 905 ptaecepit
1385 809 1437 884 di·

370 933 479 987 cens:
506 911 580 1008 Nrfl
594 918 666 1011 quis
682 929 813 986 rusam
825 912 937 1008 suerit
953 937 993 986 ex
1007 937 1088 1012 aqua
1102 910 1142 988 U
1160 913 1289 1006 Spiritu
1300 907 1436 1010 sntio,

365 1035 436 1084 nm
448 1010 544 1109 patuli
564 1017 692 1086 intrare
713 1016 751 1084 in
771 1036 899 1106 regnum
915 1015 991 1086 Dei.
1049 1009 1101 1084 Et
1119 1008 1258 1086 rursum
1278 1029 1434 1103 munna,

366 1111 472 1206 quod
499 1110 612 1207 Judaei
637 1112 756 1188 cibum
779 1114 921 1188 ventris
946 1112 981 1188 dt
1006 1110 1204 1186 satietatem
1226 1105 1438 1184 existimant

366 1213 483 1308 gule,
510 1207 622 1286 escam
640 1209 829 1306 spiritaiem
848 1213 1013 1288 nominat
1028 1209 1169 1286 Paulus.
1218 1205 1270 1282 Et
1286 1228 1365 1284 nou
1380 1205 1438 1284 so·

364 1311 445 1388 dum
467 1311 619 1405 Paulus,
644 1306 704 1386 sed
727 1310 761 1384 u
775 1310 955 1387 Dominus
974 1309 1020 1386 de
1036 1310 1167 1386 eodem
1179 1305 1217 1382 in
1228 1303 1439 1406 Evangelio

368 1410 477 1485 dicit:
508 1413 624 1488 sarm,
635 1411 733 1510 vestri
750 1435 872 1486 mna
886 1414 1216 1484 manducaverimus
1233 1410 1369 1499 deserto,
1396 1405 1438 1486 6

366 1515 492 1582 mortui
505 1510 600 1601 sunt.
652 1516 723 1606 Qui
739 1529 845 1586 autem
864 1512 1264 1604 ermemirum,
1282 1531 1376 1606 quem
1388 1531 1438 1604 ege

365 1611 407 1682 do
425 1615 475 1699 ti,
508 1633 574 1684 non
597 1618 750 1685 morietur
768 1617 806 1683 in
822 1629 988 1688 eranum.
1026 1606 1096 1696 ‚Et
1119 1607 1295 1706 posthoc
1319 1603 1437 1684 dicit:

365 1707 438 1804 Ego
445 1710 517 1800 firm
527 1721 623 1808 punis
638 1717 754 1802 uiuus,
780 1721 836 1810 qui
850 1713 971 1787 diruis
987 1711 1135 1802 descendi.
1186 1705 1284 1782 Tum
1303 1708 1439 1784 deinde

366 1809 417 1884 de
433 1808 594 1904 sequenti
615 1828 718 1907 petru
734 1829 857 1906 aperte
868 1810 1086 1909 pronunciat
1101 1805 1253 1902 Paulus,
1278 1805 1313 1880 dr
1329 1806 1440 1883 dicits

374 1913 655 1986 serraverunt
678 1913 833 2008 cirillus.
885 1911 984 2008 Quid
999 1910 1107 2008 igitur
1124 1907 1301 2006 agendum
1326 1906 1439 1982 uobis

362 2009 449 2102 est,
482 2012 542 2103 qui
562 2012 766 2105 huiusmodi
783 2035 803 2086 a
821 2011 934 2086 Paulo
949 2009 1105 2086 ecclesie
1119 2006 1287 2105 magistro
1305 2007 1439 2082 intelli·

257 2169 259 2174 .
368 2109 502 2206 gentire
517 2111 676 2184 instituta
696 2109 938 2204 suscepimus?
964 2109 1102 2183 Nonne
1117 2108 1264 2182 videtur
1278 2103 1436 2202 justum,

286 2267 293 2282 ,
365 2221 416 2281 ut
426 2209 590 2282 traditam
606 2212 713 2284 nobis
732 2210 937 2303 hujusmodi
954 2210 1112 2306 regulam
1131 2207 1230 2282 simili
1245 2206 1283 2278 in
1296 2209 1437 2281 ceteris

371 2303 554 2381 servemus
571 2308 765 2404 exemplos
790 2309 850 2383 An
867 2307 931 2404 (ut
944 2311 1085 2400 quidam
1095 2303 1249 2404 uolunt)
1266 2306 1344 2380 haec
1356 2328 1437 2398 qum

367 2419 492 2479 -tuntus
510 2429 551 2480 ac
570 2409 649 2482 talis
665 2409 865 2502 Apostolus
879 2408 1042 2501 tradidit,
1068 2408 1332 2499 relinquentes,
1357 2425 1437 2478 rur·

373 2503 448 2579 sum
471 2507 515 2579 ad
533 2509 697 2603 Judaicas
716 2509 851 2582 fabulas
873 2505 1154 2583 convertemur?
1180 2505 1273 2580 Mihi
1291 2505 1436 2597 quidem

364 2605 400 2679 -sr
420 2608 496 2679 haec
513 2608 639 2700 aliter,
674 2608 912 2704 quami'aulo
934 2608 1099 2700 videtur,
1128 2626 1332 2699 exponam,
1359 2606 1434 2679 hoc

372 2719 465 2799 puto
480 2705 548 2779 elle
562 2727 685 2781 manus
695 2709 779 2782 dare
793 2707 944 2782 inimicis
954 2705 1102 2800 Christi,
1119 2706 1155 2778 u
1167 2706 1241 2779 hoc
1254 2703 1435 2796 essequod

372 2803 554 2898 Propheta
569 2807 676 2882 dicit:
710 2813 764 2879 Vae
778 2815 834 2904 qui
844 2824 939 2905 putul
950 2814 1128 2904 proximum
1141 2806 1230 2891 suum
1239 2805 1434 2900 [nivensem

374 2908 560 2978 turbulenta
621 2906 789 3000 Accepta
802 2927 891 3002 ergo
907 2930 928 2980 a
943 2909 1054 2982 beato
1068 2903 1180 2980 Paulo
1191 2901 1378 2996 Apostolo
1390 2901 1436 2977 se·

364 3005 468 3080 mina
488 3006 650 3099 spiritalis
674 3005 944 3104 intelligentie,
969 3009 1007 3080 in
1027 3019 1198 3099 quantum
1219 3025 1287 3076 nos
1308 3003 1437 3077 Domi·

374 3125 443 3178 nus
466 3108 635 3199 precibus
659 3104 787 3180 vestris
811 3107 1010 3180 illuminare
1035 3104 1259 3203 dignabitur,
1292 3106 1438 3178 excola·

375 3225 467 3278 mus.

452 3325 484 3377 2.
514 3304 561 3375 Et
576 3306 756 3399 elevantes,
781 3303 917 3399 inquit,
935 3306 1005 3394 filii
1030 3304 1127 3391 israe!
1142 3305 1179 3377 de
1199 3298 1357 3394 Rumeffi,
1382 3325 1436 3372 ve·

375 3419 498 3477 mmm
517 3408 554 3475 s‘n
574 3407 738 3484 Suthule,
763 3403 799 3482 Θ
815 3404 952 3501 professi
974 3407 1010 3477 ds
1031 3405 1187 3488 Seurri,
1212 3418 1377 3474 unierunt
1398 3405 1436 3474 its

366 3504 501 3574 orum.
555 3500 591 3576 Si
604 3506 682 3596 quis
700 3504 772 3597 est,
800 3505 858 3597 qui
874 3500 1052 3596 proficisci
1068 3503 1114 3576 de
1128 3501 1296 3600 AEgypto
1313 3514 1436 3597 parat,

375 3601 492 3695 siquis
506 3602 575 3694 est,
603 3607 663 3696 qui
683 3607 783 3698 cupit
801 3603 977 3678 obscuros
996 3600 1379 3695 maruhensium,
1404 3599 1439 3674 it

377 3723 542 3778 errorum
551 3706 716 3777 tenebras
733 3705 996 3794 derelinquere,
1013 3703 1302 3799 primoomnium
1316 3696 1439 3774 exRt·

242 3871 244 3888 ,
376 3800 484 3876 messe
499 3804 531 3875 ei
549 3802 846 3896 proficiscendum
863 3802 924 3878 est.
975 3799 1137 3878 Remelle
1156 3823 1249 3876 vero
1264 3803 1440 3896 interpre-

377 3911 476 3974 tatur
491 3905 693 3976 commotio
706 3905 824 3979 tineae.
849 3903 887 3976 Si
898 3921 986 3999 ergo
1003 3905 1058 3976 vis
1071 3903 1199 3976 venire
1207 3902 1244 3975 in
1257 3899 1441 3994 Sochoti,

368 4015 419 4077 ut
433 4001 613 4080 Dominus
628 4004 696 4079 tibi
711 4004 784 4078 dux
799 4004 864 4100 sut,
890 4000 927 4077 ,δι
940 4005 980 4080 in
998 4005 1167 4084 columna
1181 4000 1442 4188 numm*

1296 4177 1309 4194 2
1379 4149 1395 4196 s
