3417 4692
519 379 802 500 carrera
826 357 896 466 rii
920 349 1200 469 r'xoouu.
1266 475 1269 488 ,
1319 339 1394 488 33ζ

326 554 410 629 fore
428 551 569 647 sperant
589 573 631 626 ac
647 549 836 648 expedant
848 567 890 626 ut
910 574 1037 629 eorum
1058 569 1208 647 peccata
1223 551 1285 627 liiii
1300 555 1389 628 reci·

324 657 437 752 piant.
488 656 544 727 lta
562 651 718 726 sentiunt
746 653 876 749 Judaei,
904 669 945 726 ut
965 671 1083 727 tamen
1106 657 1212 728 alium
1233 677 1308 728 non
1331 653 1398 750 ad·¹

325 749 472 829 mittant
498 754 629 829 Deum.
679 749 767 827 Haec
795 750 866 847 ipsa
886 752 1038 826 credunt
1055 752 1252 846 Samaritae,
1279 758 1337 845 qui
1355 757 1391 828 dt

325 853 394 951 ipsr¹
406 856 508 926 unius
531 851 564 926 se
582 853 651 927 Dei
670 854 860 947 participes
878 849 948 926 esse
964 854 1167 947 opinantur.
1219 854 1389 929 Haeretici

326 953 454 1045 quibus
469 975 545 1028 non
559 956 676 1045 placet
691 954 827 1026 bonurn
840 969 902 1026 aut
913 951 1043 1046 justum
1057 954 1126 1043 elie
1141 954 1258 1027 Deum
1273 952 1388 1051 posse,

326 1055 387 1145 qui
408 1053 527 1125 reddit
553 1066 702 1144 peccata
722 1068 862 1145 patrum
886 1056 924 1125 in
948 1053 1057 1127 sinum
1079 1049 1255 1145 filiorum,
1289 1056 1388 1127 aiunt

324 1176 402 1228 non
418 1150 488 1225 esse
498 1150 626 1244 justum
643 1171 684 1225 ac
698 1153 835 1246 bonum
848 1152 1081 1250 legisDeum,
1097 1156 1155 1245 qui
1172 1154 1388 1245 reddatpec-

326 1270 405 1334 cata
418 1267 558 1348 patrum
575 1253 611 1325 in
625 1247 749 1346 filios,
760 1247 818 1325 sed
836 1254 941 1325 alium
954 1254 1139 1344 quemdam
1154 1248 1221 1325 elie
1235 1252 1299 1325 illo
1317 1274 1389 1326 ma·

318 1353 438 1444 jorein
451 1352 582 1427 Deum.
634 1350 708 1452 Qui
725 1371 816 1424 vero
830 1349 992 1424 Ecclesrae
1009 1351 1203 1425 dodrinam
1218 1349 1388 1448 sequ-itm,

323 1473 393 1524 nec
412 1451 524 1549 Judaei
545 1471 647 1524 more
669 1470 853 1544 corporeo
875 1448 973 1524 sensu
993 1452 1140 1545 accipit,
1171 1472 1248 1542 quae
1265 1451 1388 1532 dicun·
1413 1472 1418 1482 ·

324 1565 407 1643 tur,
434 1571 503 1624 nec
523 1550 612 1624 sicut
629 1549 817 1623 hereticus
835 1552 941 1624 alium
959 1549 1079 1625 Deum
1094 1548 1387 1645 comminiscitur,

322 1650 383 1740 sed
410 1649 506 1722 inter
529 1664 722 1741 utrumque
748 1649 886 1723 medius
914 1650 1075 1745 incedit,
1109 1651 1258 1744 aitque,
1295 1651 1390 1727 bene

325 1751 467 1840 quidem
484 1754 559 1822 iiaec
574 1747 703 1843 scripta
719 1747 810 1843 else,
837 1747 896 1823 sed
915 1770 1041 1823 eorum
1060 1771 1135 1843 quae
1149 1750 1276 1846 scripta
1289 1749 1395 1846 sunt,

311 1849 457 1930 ‚sensum
475 1850 536 1922 fibi
551 1871 625 1923 non
641 1846 710 1922 esse
723 1848 954 1944 perspedlum.
989 1846 1159 1925 Animum
1175 1853 1283 1947 igitur
1303 1872 1390 1924 cun·

312 1948 367 2021 ‘ui
392 1950 592 2041 arluertite,
616 1949 648 2019 u
668 1950 787 2022 Deum
803 1961 928 2043 orate,
949 1964 991 2021 ut
1008 1949 1116 2023 uobis
1133 1953 1293 2041 revelet,
1314 1961 1390 2042 quo'

323 2048 429 2142 patio
445 2051 563 2121 bonus
586 2049 647 2141 fit,
672 2052 731 2140 qui
754 2050 872 2121 reddit
897 2064 1204 2143 peccatapatrum
1225 2048 1386 2127 infilius.

325 2150 479 2245 Quinam
499 2147 645 2242 patres?
679 2148 785 2222 testes
811 2148 1038 2222 adhibeamus
1059 2145 1266 2243 scripturas:
1292 2150 1389 2245 sacra

323 2247 521 2321 scrutemur
544 2247 697 2340 eloquia.
749 2246 815 2321 Ait
835 2249 1005 2321 Salvator
1027 2267 1068 2321 ac
1088 2250 1268 2324 Dominus
1289 2247 1388 2344 Jesut
1423 2275 1429 2282 ·
1453 2305 1456 2312 ·

325 2344 481 2420 Christus
509 2348 789 2441 peccatoribus:
828 2352 893 2421 Vos
907 2373 957 2443 ,ex
975 2366 1070 2446 parre
1089 2348 1205 2422 diabolo
1224 2349 1310 2447 estis,
1348 2348 1390 2428 ὕ

323 2449 468 2543 defideria
478 2454 584 2543 patris
600 2448 698 2543 vesiri
712 2449 816 2519 uultis
828 2446 947 2541 facere.
976 2452 1031 2519 ille
1045 2452 1199 2520 homicida
1213 2452 1250 2542 eli
1267 2449 1306 2518 ab
1321 2454 1389 2519 ini·

323 2556 389 2632 rio,
417 2549 455 2624 (u
475 2549 511 2618 i'u
534 2549 674 2618 veritate
690 2548 755 2622 uon
764 2547 866 2643 fierit.
901 2545 999 2643 Ergo
1019 2547 1042 2619 s1
1065 2548 1140 2639 quis
1163 2560 1314 2641 peccat,
1340 2566 1389 2622 ex

322 2662 425 2740 patre
449 2648 594 2721 diabolo
619 2644 694 2738 est,
721 2667 870 2739 eamque
890 2645 939 2719 ob
963 2665 1038 2720 rem
1057 2664 1246 2737 peccatum
1266 2643 1388 2721 daboli
1460 2721 1464 2738 Ι

321 2747 358 2818 in
375 2744 483 2819 filium
503 2747 675 2834 redditur.
701 2744 765 2819 Ille
779 2750 911 2841 primus
934 2763 1109 2840 peccator
1124 2746 1198 2838 est,
1226 2748 1285 2837 qui
1302 2745 1387 2821 milri

320 2844 510 2940 peccatum
537 2847 708 2942 suggerit,
745 2868 815 2948 ego
835 2861 953 2921 autem
977 2844 1150 2919 secundus
1169 2847 1240 2920 sum
1263 2865 1388 2939 pecca·

320 2963 406 3037 tor,
436 2949 495 3037 qui
519 2947 611 3017 illius
641 2944 824 3019 confilium
849 2965 926 3018 non
952 2946 1167 3038 rejecerim,
1209 2943 1268 3018 sed
1293 2946 1386 3020 illius

314 3046 396 3116 'vim
417 3047 634 3138 receperim,
661 3065 742 3118 curn
764 3046 854 3118 stare
875 3046 1056 3119 debuerim
1076 3046 1263 3119 instruetus
1279 3063 1388 3119 arma,

319 3158 401 3216 tura
418 3145 509 3240 Dei,
536 3144 570 3216 u
588 3146 722 3218 habens
741 3144 877 3218 scutum
893 3142 975 3219 fidei
992 3160 1033 3217 ut
1052 3148 1124 3219 tela
1140 3148 1261 3218 omnia
1274 3145 1388 3241 ignita

267 3294 269 3297 -
318 3243 511 3336 nequissimi
526 3245 562 3317 in
582 3266 669 3318 meae
688 3241 771 3318 fidei
786 3244 888 3317 scuto
905 3246 1162 3341 extinguerem.
1216 3245 1305 3317 Cum
1327 3246 1387 3341 igi·

319 3357 378 3414 tur
393 3366 528 3438 pecco,
556 3364 633 3438 quae
655 3341 735 3438 sunt
753 3346 885 3417 diaboii
905 3342 1001 3417 facio
1020 3345 1136 3434 quiin
1155 3363 1221 3416 cor
1241 3342 1332 3417 misit
1346 3360 1387 3417 ut

319 3444 393 3516 hoc
412 3446 472 3517 vel
492 3443 578 3517 illud
598 3459 787 3540 peccatum
803 3444 970 3519 facerem.
1022 3444 1176 3517 Primum
1196 3445 1272 3535 ejirs
1297 3445 1387 3517 reci·
1424 3511 1427 3518 .

319 3544 382 3636 pio
396 3544 572 3637 iaculum,
600 3559 748 3636 tumque
764 3566 810 3617 eo
826 3559 999 3640 receptu,
1027 3547 1131 3616 etiam
1148 3544 1246 3616 illum
1262 3544 1384 3617 admit·

318 3656 373 3716 tn.
426 3641 520 3717 Nam
541 3645 585 3715 de
604 3644 694 3738 Juda
710 3644 761 3716 ita
781 3665 925 3736 quoque
941 3639 1109 3737 scriptum
1125 3640 1198 3736 est,
1221 3663 1301 3716 non
1316 3646 1386 3739 pri·

317 3764 414 3816 mum
437 3741 627 3839 ingressum
653 3739 723 3815 else
748 3745 913 3817 Satanam
935 3745 971 3815 in
1001 3759 1104 3835 enm,
1145 3742 1204 3816 sed
1232 3742 1386 3836 primum

305 3862 399 3929 cum
428 3842 589 3916 diabolus
607 3844 678 3934 jam
704 3840 843 3915 misisset
864 3845 899 3915 in
925 3863 1018 3937 cor,
1056 3859 1097 3914 ut
1117 3842 1275 3915 traderet
1301 3853 1386 3920 eum

305 3940 425 4036 'Judas
449 3942 573 4017 Simon
588 3939 801 4035 iscariotes,
828 3955 904 4017 tum
926 3944 1006 4037 post
1026 3945 1224 4015 buccellam
1241 3943 1278 4015 in
1301 3964 1384 4019 eum
1437 3987 1450 4002 ·

315 4039 489 4120 introiilse
505 4042 680 4118 Satauam.
732 4038 833 4142 Ergo
850 4039 1021 4156 sisantius
1044 4041 1144 4137 sum,
1170 4057 1308 4211 ραῑτῗι
1324 4045 1383 4117 ha·
1458 4115 1473 4152 Ι.

1290 4161 1344 4211 eu
