3417 4692
373 401 444 488 266⁷
580 467 610 478 ..
693 411 1103 493 ORIGENIS

374 570 431 670 ('d
447 571 518 669 est,
542 575 567 649 sr
584 576 811 677 peccavero)
831 603 913 651 mors
934 581 1016 649 mili
1034 581 1098 677 est:
1126 580 1164 656 di
1184 580 1209 672 d
1227 605 1291 650 nnn
1315 580 1433 673 (mn,
1453 609 1472 620 ··

373 702 439 747 risu
460 676 602 769 effugiam
620 699 730 748 manus
746 681 874 774 uestras.
923 679 1143 774 Videsergo
1160 680 1317 772 &ipsam
1336 703 1435 774 mor.

373 790 445 848 tem
458 776 494 847 in
512 788 665 869 peccato
679 773 839 867 potuisse.
889 774 959 850 Sed
978 779 1012 851 d
1027 780 1070 852 ad
1080 780 1232 873 primum
1247 780 1433 860 hominem

283 911 285 915 ·
374 874 492 948 aDeo
508 878 649 968 prolata
662 873 857 970 sententia,
882 878 1004 952 eadem
1020 880 1206 973 continet,
1235 902 1313 954 cum
1326 881 1431 957 dicit:

371 977 448 1068 Qud
461 978 510 1046 die
528 979 796 1070 manducaveritis
814 1002 853 1048 ex
865 1003 915 1064 eu,
942 995 1041 1051 morte
1063 984 1250 1052 moriemini.
1302 980 1431 1055 Statim

371 1095 551 1165 namque,
586 1091 627 1150 ut
649 1075 902 1170 praevaricatus
931 1076 981 1150 est
1003 1053 1230 1168 standarum,
1263 1095 1429 1153 mortuus

372 1173 433 1248 est.
485 1173 709 1250 Mortuaest
732 1177 825 1248 enim
845 1178 979 1270 anima,
1008 1200 1085 1269 quae
1101 1180 1295 1272 peccauit,
1323 1180 1357 1252 &
1377 1200 1431 1253 ar·

372 1273 492 1372 guitur
511 1273 653 1368 serpens
674 1273 859 1370 fefellisse,
886 1276 944 1368 qui
969 1278 1081 1350 dixit:
1107 1281 1186 1351 Nm
1206 1293 1304 1349 morse
1320 1286 1431 1352 morie·

372 1382 467 1446 mini.
518 1373 568 1446 Et
582 1375 657 1447 haec
675 1374 719 1447 de
743 1395 812 1468 eo,
840 1375 937 1467 quod
958 1375 1087 1451 ditium
1110 1376 1160 1450 est
1184 1399 1204 1449 a
1226 1375 1306 1450 siliis
1324 1377 1429 1454 lsrael

374 1477 416 1548 ad
437 1475 569 1572 Jacob,
597 1476 678 1566 quia
694 1475 811 1570 Josepls
821 1477 917 1566 filius
934 1480 1125 1548 ruusuivir.
1178 1479 1318 1569 Quibus
1337 1479 1428 1552 srmi·

372 1576 418 1648 lia
444 1575 550 1647 etiam
565 1575 610 1646 'in
633 1573 894 1667 posterioribus-
913 1575 1142 1669 referuntur,
1177 1597 1257 1651 cum
1277 1578 1429 1668 diciturt

377 1679 421 1746 Et
439 1676 643 1765 resuscitatus
664 1675 703 1771 est
728 1679 859 1771 spiritus
885 1675 985 1772 Jacob
999 1681 1105 1770 patris
1129 1701 1255 1748 eorum:
1282 1677 1320 1753 (J
1343 1679 1431 1748 dixit

374 1778 486 1862 lsrael,
514 1781 672 1867 Magnum
693 1777 776 1846 midi
792 1776 849 1872 eft,
871 1778 896 1866 fi
916 1777 1020 1846 adhuc
1040 1776 1260 1871 Josephflsius
1276 1783 1428 1847 mersvi-

369 1884 434 1949 uir.
486 1875 598 1974 Quod
619 1874 656 1946 in
681 1875 814 1948 Latino
830 1876 982 1947 dicitur:
1007 1874 1230 1948 resuscitatus
1256 1874 1306 1950 est
1331 1875 1429 1968 spiri·

370 1991 427 2048 tus
446 1974 545 2066 ejus,
573 1975 608 2045 in
626 1972 756 2046 Graeco
777 1967 1033 2078 α’νιζωπυρκσιν
1048 1976 1285 2067 scriptumest.
1314 1976 1429 2076 Quod

367 2096 444 2149 non
465 2087 537 2146 tam
557 2072 769 2164 resuscitari,
797 2096 900 2165 quam
927 2074 1114 2147 reaccendi
1138 2072 1201 2171 (ut
1219 2077 1268 2148 ita
1288 2074 1425 2172 dicam)

368 2169 559 2267 fignificat,
587 2172 790 2268 &reigniri
845 2175 956 2274 Quod
979 2175 1047 2245 dici
1073 2173 1191 2267 solet,
1220 2195 1300 2247 cum
1324 2175 1424 2248 sorte

368 2275 403 2344 in
427 2273 541 2368 aliqua
560 2274 704 2346 materia
720 2272 811 2367 ignis
834 2293 880 2345 eo
900 2272 1009 2365 usque
1028 2270 1172 2364 delicit,
1198 2289 1240 2345 ut
1263 2275 1424 2369 extingui

251 2405 259 2427 ι
368 2374 562 2464 uideatur,
597 2371 801 2446 &stiorte'
826 2372 997 2445 fomentis
1026 2374 1190 2445 adhibitis
1215 2387 1423 2465 reparetur,

367 2470 573 2547 reaccensus
597 2473 736 2544 dicitur.
796 2470 873 2544 Aut
892 2474 915 2545 sr
940 2476 1092 2544 lucerna
1113 2475 1232 2546 lumen
1253 2495 1298 2545 eo
1315 2473 1424 2564 usque

366 2573 580 2667 perveniat,
606 2585 647 2644 ut
662 2583 809 2664 putetur
832 2573 1010 2667 extingui,
1037 2573 1062 2645 si
1079 2572 1178 2645 forte
1196 2570 1313 2645 infuso
1336 2574 1423 2643 oleo

365 2672 611 2763 resuscitetur,
639 2673 725 2744 licet
742 2673 857 2744 minus
883 2674 1001 2765 polito
1023 2670 1208 2761 sermone,
1234 2671 1424 2744 reaccensa

365 2775 512 2845 lucerna
538 2771 679 2847 dicitur.
730 2772 897 2844 Similiter
920 2771 953 2843 u
975 2773 1018 2843 de
1044 2773 1231 2863 lampade,
1263 2774 1323 2844 vel
1348 2773 1424 2858 aliis

365 2871 614 2965 hujuscemodi
637 2871 827 2944 luminibus
851 2872 1085 2965 appellabitur
1147 2869 1238 2942 Tale
1256 2890 1341 2966 ergo
1365 2873 1423 2941 ali·

271 2977 274 2992 '
368 2973 452 3063 quid
471 2973 552 3045 &in
573 2971 687 3065 jacob
710 2970 868 3043 indicare
881 2970 1065 3044 videbitur
1082 2970 1140 3042 hic
1157 2966 1296 3060 sermo,
1322 2969 1421 3061 quod

368 3073 486 3146 donec
504 3072 613 3167 longe
628 3070 697 3143 fuit
713 3071 756 3141 ab
768 3068 902 3164 Joseph
918 3069 1039 3142 &non
1054 3069 1103 3141 est
1117 3071 1150 3140 ei
1169 3069 1421 3143 annunciatum

367 3171 412 3245 de
427 3173 504 3244 vita
518 3173 614 3263 ejus,
632 3167 937 3242 velutidefecerat
950 3169 987 3241 in
1000 3190 1046 3241 eo
1058 3168 1198 3263 spiritus
1209 3170 1305 3261 ejus,
1323 3169 1357 3239 &
1371 3172 1423 3241 lu·

365 3263 468 3364 me'n,
495 3270 593 3364 quod
614 3272 650 3341 in
673 3266 749 3362 ipso
772 3268 862 3362 fuit,
888 3266 1057 3341 fomentis
1081 3266 1330 3342 deficientibus
1349 3269 1422 3359 jam

366 3369 483 3443 suerat
503 3370 742 3444 obscuratum.
794 3367 869 3441 Ubi
885 3388 978 3440 vero
997 3380 1203 3461 venerunt,
1237 3369 1297 3457 qui
1311 3369 1343 3439 ei
1364 3389 1424 3439 an-

301 3525 303 3530 .
364 3470 578 3544 nunciarent
602 3469 743 3540 devita
766 3470 864 3561 ejus,
891 3465 1023 3559 idest,
1056 3468 1115 3559 qui
1134 3467 1316 3559 dicerent,
1341 3469 1424 3558 quia

364 3578 518 3640 vira-erat
530 3571 589 3640 lux
601 3570 782 3655 hominum,
808 3568 1016 3639 reaccendit
1030 3567 1067 3639 in
1083 3565 1117 3639 se
1131 3565 1288 3657 spiritum
1308 3565 1423 3661 suum,

365 3669 596 3763 &reparatus
613 3666 712 3740 estin
727 3689 773 3739 eo
790 3665 913 3761 fulgor
928 3667 1068 3739 luminis
1084 3666 1175 3739 veri.

443 3792 471 3855 3.
501 3768 613 3869 Quod
637 3780 754 3839 autem
778 3766 882 3858 pollit
897 3767 1075 3839 interdum
1094 3765 1236 3837 divinus
1252 3763 1342 3858 ignis
1361 3783 1421 3835 ex-

363 3870 475 3966 tingui
495 3871 600 3944 etiam
620 3867 658 3937 iu
677 3863 821 3956 surrilis,
849 3865 883 3937 dt
903 3861 1088 3957 fidelibus,
1115 3863 1195 3936 audi
1219 3861 1421 3955 apostolum

296 3953 326 4060 i·
361 3967 507 4046 Paulum
521 3965 786 4061 praecipientem
801 3965 876 4051 his,
902 3963 1421 4057 quidonaspiritus&gratiam

360 4070 590 4142 merebantur
600 4066 762 4158 accipere
771 4091 789 4158 ,·
810 4064 1056 4138 &dicentemz
1083 4068 1244 4163 Spiritum
1254 4064 1355 4132 nolite
1368 4089 1423 4132 ex·

1248 4168 1371 4256 tingue·
