3417 4692
360 423 544 548 ,ms
713 425 1124 510 orrorurs

340 673 343 682 .
369 603 642 687 erumpam,
674 588 735 668 sed
752 612 899 688 magna.
953 590 1128 668 Ascendit
1147 611 1236 688 ergo
1255 588 1336 687 post
1353 587 1431 666 haec
1474 688 1476 692 ,

359 691 472 776 ‘Loth
489 693 528 765 in
547 706 730 784 montem,
756 693 791 768 br
809 692 859 765 ibi
874 692 1012 768 habitat
1025 695 1064 768 in
1080 691 1246 790 spelunca
1266 690 1328 785 (ut
1342 689 1431 766 dicit

367 781 564 893 scriptura)
578 791 651 886 ipse
667 792 789 866 &duae
800 789 881 867 filiae
898 791 985 885 ejtts.
1036 791 1086 867 Et
1099 790 1286 869 ascendisse
1297 793 1357 866 lex
1369 811 1434 886 pu·

363 895 481 986 ¹tamin
495 890 565 986 est,
591 913 672 970 cum
692 892 726 966 ei
741 914 806 989 per
823 894 995 986 templum
1016 913 1037 966 a
1060 893 1254 968 Salomone
1274 889 1435 964 constru-

373 989 468 1068 stum
493 990 631 1068 accessit
650 1005 799 1066 ornatus
811 995 838 1088 ,“
859 1014 939 1067 rum
956 990 1047 1067 fatla
1068 991 1119 1067 est
1139 992 1280 1085 quidem
1306 991 1435 1064 domus

363 1087 470 1187 Dei,
496 1091 623 1168 domus
641 1093 835 1182 orationis,
860 1093 942 1168 mali
958 1104 1076 1168 autem
1094 1087 1315 1166 habitatores
1336 1091 1433 1164 sece-

362 1207 459 1284 runt
483 1213 560 1267 eam
587 1190 789 1287 speluncam
815 1194 1008 1268 latronum.
1066 1193 1258 1268 Habitavit
1286 1212 1373 1288 ergo
1395 1191 1433 1263 in

363 1289 540 1392 [spelunca
554 1289 653 1366 Loth
672 1293 702 1366 tr
726 1293 803 1366 duae
822 1287 903 1366 filiae
920 1292 1007 1384 ejus.
1057 1291 1157 1365 Duas
1175 1294 1236 1368 has
1251 1288 1342 1369 filias
1358 1288 1435 1370 evi·

366 1391 691 1490 ,denterpropbeta
707 1390 893 1485 describit,
921 1391 1042 1466 dicens
1055 1390 1200 1466 Oollam
1214 1392 1247 1465 ἂ
1262 1390 1435 1466 Oolibarn

368 1489 463 1590 ‘duas
484 1490 626 1565 sorores
643 1490 712 1564 esse
725 1491 758 1565 bt
772 1490 841 1567 esse
854 1491 998 1586 quidem
1012 1489 1384 1596 Oollqmjerusalem,
1402 1487 1437 1561 δι

368 1588 549 1670 ‚Oolibam
562 1589 632 1668 effe
648 1590 849 1670 Samariam.
882 1590 923 1667 ln
938 1585 1023 1666 duas
1042 1613 1130 1690 ergo
1146 1604 1265 1686 partes
1279 1591 1437 1685 populus

367 1681 531 1788 [divisum
557 1690 642 1764 duas
655 1689 744 1765 fecit
754 1688 843 1766 filias
856 1693 958 1788 legis.
1010 1689 1085 1766 Iste
1098 1694 1275 1766 carnalem
1291 1689 1437 1784 cupien-

370 1797 432 1887 ¹tes
443 1792 651 1885 progeniem
666 1812 889 1888 propagare,
916 1791 1057 1866 &vires
1070 1791 1170 1887 regni
1185 1789 1361 1864 terrestris
1372 1809 1439 1862 nus

372 1888 515 1974 snerosa
539 1889 748 1983 posteritate
771 1893 940 1981 munire,
973 1891 1312 1985 sopientespatrern
1336 1886 1439 1961 &so-

291 2054 294 2059 .
372 1983 500 2084 pinum
523 1990 557 2061 ei
579 1988 817 2082 inducentes,
841 1991 878 2064 id
900 1988 971 2081 est,
999 2006 1171 2086 cogentes
1195 1990 1440 2064 &obruentes

373 2087 452 2192 ejus
474 2085 662 2182 spiritalem
682 2088 838 2180 sensum,
860 2087 969 2163 solam
985 2113 1031 2163 ex
1044 2112 1090 2164 eo
1106 2092 1221 2164 carnis
1237 2089 1439 2184 intelligen-

359 2202 361 2206 ·
372 2189 464 2288 tiam
480 2188 638 2264 trahunt.
688 2187 777 2261 Inde
791 2190 1025 2285 concipiunt,
1051 2191 1134 2264 inde
1148 2205 1320 2286 generant
1342 2187 1439 2263 filios

373 2288 493 2394 tales,
520 2306 611 2378 quos
628 2306 697 2360 nec
714 2285 882 2381 sentiret,
909 2310 977 2362 nec
995 2289 1203 2384 agnosceret
1217 2302 1330 2381 pater.
1356 2286 1443 2364 Nec

374 2385 473 2488 pnim
498 2383 561 2459 iste
586 2384 725 2480 sensus,
754 2404 816 2462 aut
832 2385 911 2468 baec
935 2392 1106 2462 voluntas
1125 2388 1242 2462 suerat
1263 2389 1375 2483 legis,
1400 2401 1445 2461 ut

373 2486 569 2580 ‚carnaliter
588 2499 803 2584 generarcta
830 2487 889 2564 sed
909 2487 1046 2582 sopitur
1067 2493 1147 2580 lex,
1174 2502 1217 2560 nt
1231 2489 1309 2559 talis
1327 2483 1446 2580 poste·

374 2586 465 2696 pitas
483 2599 697 2683 generetur,
723 2608 800 2684 quae
822 2608 899 2661 non
919 2588 1030 2662 intret
1050 2589 1087 2664 in
1105 2587 1294 2660 Ecclesiam
1312 2585 1445 2659 Domi·

374 2684 427 2778 tri.
478 2688 672 2758 Ammouitae
695 2694 800 2774 enim,
827 2687 966 2782 inquit,
995 2691 1031 2764 Θ
1057 2688 1211 2761 Moahile
1234 2713 1300 2758 non
1321 2691 1442 2757 introi·

239 2860 241 2867 ,
376 2783 462 2878 bunt
479 2790 516 2858 in
530 2785 694 2882 Ecclesiam
705 2790 841 2864 Domini
855 2796 1004 2886 usquein
1023 2794 1152 2859 tertiam
1163 2785 1202 2864 ss
1219 2805 1364 2884 quartam
1373 2809 1445 2878 prc-

375 2890 518 2982 geniem.
546 2882 586 2965 (5
601 2912 697 2983 usquc
717 2887 923 2970 inscensum.
972 2888 1164 2984 Defignat,
1182 2887 1279 2979 quod
1293 2886 1444 2960 carnalia

376 2983 567 3088 generatio
585 2986 672 3082 legis
687 3007 770 3060 non
792 2987 901 3059 intrat
921 2988 956 3059 in
978 2986 1169 3062 Ecclesiam
1192 2986 1318 3060 Christi
1335 3039 1348 3080 ‚
1375 3005 1446 3059 nec

378 3083 488 3160 tertia
519 3086 754 3180 generatione
786 3107 855 3180 pro
888 3084 1089 3181 Trinitate,
1119 3109 1188 3162 nec
1219 3102 1344 3178 quarta
1373 3105 1443 3176 pro

377 3175 611 3279 Evangeliis,
636 3187 761 3262 necin
781 3183 965 3279 seculum,
991 3186 1051 3260 nisr
1075 3188 1173 3260 sorte
1194 3186 1274 3281 poll
1292 3182 1443 3279 praesens

379 3277 571 3390 saeculum,
607 3306 689 3360 curn
712 3285 901 3379 plenitudo
929 3287 1086 3381 gentium
1111 3287 1313 3377 introierit,
1340 3283 1372 3356 bc
1397 3282 1445 3356 stc

378 3381 500 3473 omnis
513 3379 618 3458 Israel
632 3383 750 3458 salvus
763 3384 873 3458 suerit
887 3385 1010 3463 faetus:
1060 3387 1167 3478 Haec,
1193 3402 1234 3457 ut
1247 3386 1445 3480 potuimus,

378 3475 574 3572 secundum
594 3484 822 3580 allegoricam
842 3485 1112 3581 intelligentiam
1127 3489 1171 3560 de
1189 3483 1337 3557 Loth&
1354 3503 1447 3554 uxo·

380 3598 423 3690 re
449 3579 556 3674 ejus,
594 3604 636 3660 ac
658 3583 703 3657 de
726 3580 866 3656 filiabus
885 3587 1146 3680 exculpsrmus‚
1180 3586 1266 3658 nihil
1287 3580 1448 3676 praejudi-

356 3693 507 3772 2cantes
533 3681 612 3782 his,
638 3683 700 3782 qui
717 3680 885 3758 sacratius
911 3685 1044 3780 aliquid
1068 3685 1202 3762 dehoc
1229 3683 1356 3760 sentire
1380 3699 1447 3771 po·

381 3780 532 3875 tuerint.

458 3882 495 3955 6.
524 3880 637 3980 Quod
652 3901 746 3958 vero
762 3882 799 3955 in
814 3882 943 3956 morali
962 3883 1050 3956 loco
1066 3853 1222 3973 superius
1245 3874 1354 3970 ipsum
1372 3875 1447 3970 qui.

384 3973 467 4068 dem
485 3977 587 4058 Loth
606 3979 650 4055 ad
667 3981 918 4057 rationabilem
934 3981 1066 4056 sensum
1084 3980 1118 4054 bc
1134 3978 1272 4050 virilem
1293 3978 1448 4056 aninum

373 4075 578 4178 mittut,
604 4095 759 4172 uxorem
775 4102 870 4164 vero
886 4083 985 4185 ejus,
1011 4102 1089 4182 quae
1106 4091 1208 4158 rotro
1226 4073 1448 4178 respexerit,

609 4219 614 4224 ·
1254 4195 1399 4252 tarnem
