3417 4692
381 261 1114 410 laalnffonlouuls

381 477 473 556 casta
492 477 688 573 progenies
707 490 853 552 maturae
880 479 975 550 aetati
998 480 1077 570 plus
1107 479 1292 553 convenit.
1344 475 1447 554 Sicut

382 582 416 654 dt
434 602 529 653 nunc
547 577 738 650 Abraham
749 578 989 673 grandaevus,
1016 578 1049 650 dt
1067 577 1129 671 (ut
1145 575 1316 670 scriptura
1336 579 1444 678 dicit)

375 684 489 776 storax,
516 681 553 753 st
574 681 684 775 plenus
707 683 825 747 alierum
845 677 1037 750 Cethuram
1055 677 1153 749 ducit
1172 698 1333 754 uxorem.
1373 677 1445 753 Sed

382 801 429 854 ne
452 780 524 850 hoc
550 777 689 869 quidem
707 778 818 864 latere
836 797 903 850 nos
927 778 1036 849 debet
1052 799 1096 848 ex
1114 777 1189 869 his,
1215 800 1291 868 quae
1311 799 1374 870 per
1393 780 1445 851 hi·

255 897 257 902 '
381 878 525 954 storiam
550 879 777 968 referuntur,
804 897 881 967 quae
902 875 935 948 dt
955 877 1074 967 quales
1090 875 1156 948 snit
1169 879 1443 971 generationes,

383 998 460 1070 quae
478 999 523 1050 ex
540 975 610 1068 ipsa
627 990 882 1070 propagantur.
933 974 969 1048 Si
985 977 1077 1049 enim
1097 977 1228 1048 horum
1247 978 1444 1050 memineri-

383 1097 486 1164 mus,
512 1076 649 1148 facilius
669 1078 712 1147 de
733 1075 877 1166 diverfis
896 1076 1083 1170 gentibus,
1111 1077 1243 1167 quain
1263 1076 1443 1170 scripturis

384 1178 575 1268 dicuntur,
601 1175 799 1267 poterimus
812 1173 1020 1270 agnoscere:
1048 1177 1151 1246 verbi
1168 1173 1286 1267 causa,
1306 1191 1347 1248 ut
1362 1197 1443 1250 cum

383 1275 528 1366 dicitur,
544 1276 640 1366 quod
653 1273 802 1366 Moyses
816 1277 956 1366 accepit
972 1295 1122 1346 uxorem
1136 1267 1240 1346 filiam
1252 1273 1380 1366 Jethro
1395 1273 1441 1346 sa·

385 1376 543 1448 terdotis
568 1375 742 1465 Madian,
774 1373 834 1465 qui
857 1373 1004 1446 Madian
1022 1375 1204 1445 invenitur
1228 1371 1320 1447 filius
1342 1373 1445 1448 fuisse

384 1473 578 1564 cethurae,
618 1470 869 1548 &Abraham
925 1470 1161 1568 Agnoscimus
1189 1494 1305 1569 ergo,
1343 1469 1442 1565 quod

382 1594 479 1646 uxor
504 1573 626 1664 Moysr
653 1594 698 1644 ex
724 1571 852 1662 semine
878 1570 1057 1645 Abraham
1081 1571 1144 1664 sat,
1172 1571 1205 1644 ἃ*
1229 1595 1305 1645 non
1330 1571 1441 1646 suerit

385 1675 592 1769 alienigena.
644 1671 759 1743 Sed&
775 1693 855 1744 cum
868 1665 1158 1764 scribituricgina
1171 1669 1310 1766 Cedat,
1332 1669 1444 1747 scien·

290 1839 296 1856 ,
384 1774 469 1846 dum
489 1773 717 1845 nihilominus
743 1769 816 1862 est,
844 1770 942 1863 quod
963 1771 996 1842 se
1020 1769 1133 1843 Cedat
1156 1793 1201 1844 ex
1217 1771 1291 1864 ipso
1310 1763 1443 1867 geneis

386 1871 554 1944 Cethurae
570 1868 759 1944 descendat
776 1870 809 1942 a
825 1867 1017 1944 Abraham.
1069 1869 1138 1942 Sed
1152 1870 1229 1942 &in
1243 1873 1443 1965 generatio·

361 1973 488 2046 'uibus
507 1968 629 2042 ismael
650 1968 770 2040 similia
793 1971 969 2060 invenies.
1028 1967 1167 2063 Quassr
1187 1970 1372 2066 diligenter
1392 1974 1444 2045 in·

384 2071 538 2159 tuearis,
563 2068 730 2161 plurimas
749 2068 787 2139 in
804 2068 881 2161 his,
903 2089 979 2158 quae
997 2085 1151 2140 caeteros
1170 2069 1305 2160 latent,
1335 2070 1443 2144 histo·

383 2169 452 2243 rias
477 2168 733 2261 deprehendes.
782 2167 852 2240 Sed
875 2166 908 2239 a
932 2187 1000 2240 nos
1023 2168 1165 2241 interim
1190 2169 1265 2242 hac
1287 2171 1322 2240 in
1350 2169 1444 2244 aliud

384 2281 526 2360 tempus
537 2267 782 2354 remittentes,
805 2265 848 2338 ad
863 2289 925 2360 ea,
940 2288 1016 2358 quae
1030 2263 1375 2362 inconsequentibus
1388 2291 1443 2345 re·

385 2369 494 2440 citata
513 2365 593 2439 sunt
614 2386 859 2459 properemus·

460 2488 493 2559 3.
523 2468 570 2537 Et
581 2465 707 2559 fassum
719 2466 788 2563 ass,¹
803 2464 943 2560 inquit,
963 2466 1122 2565 postquam
1132 2482 1274 2537 mortuus
1291 2461 1443 2565 eJlAlra·

385 2565 483 2660 bom,
508 2566 664 2638 benedixit
689 2569 848 2636 Dominus
875 2568 959 2656 isaac
970 2569 1081 2656 filium
1100 2574 1192 2665 ejus,
1218 2566 1256 2644 ss
1276 2569 1443 2638 habitavit

383 2669 425 2742 ad
444 2683 571 2763 parcum
596 2668 736 2764 vifionis.
794 2664 853 2739 De
878 2681 998 2740 morte
1024 2667 1203 2740 Abraham
1231 2667 1314 2760 quid
1334 2665 1441 2740 nabla

386 2767 533 2859 amplius
556 2764 744 2840 dicendum
760 2763 830 2858 est,
858 2787 960 2857 quam
975 2763 1089 2840 sermo
1110 2765 1258 2841 Domini
1274 2768 1310 2840 in
1322 2761 1442 2840 Evan-

383 2867 486 2964 geliis
505 2867 669 2940 continet
692 2866 840 2938 dicens:
869 2871 920 2936 De
940 2865 1162 2956 refirrresiiaue
1183 2885 1286 2937 autem
1306 2885 1442 2938 mortuo·

385 2988 456 3040 tum
474 2991 539 3036 raon
555 2968 686 3063 legesis,
710 2967 850 3062 quomodo
871 2969 951 3036 dicit
969 2975 1005 3035 in
1027 2968 1118 3054 rubo,
1148 2974 1236 3038 Deos
1256 2968 1439 3061 Abrabam,

385 3065 425 3144 ὕ
442 3071 532 3137 Deus
550 3065 655 3154 Isaac,
681 3064 719 3140 U
735 3069 821 3136 Deras
841 3059 969 3161 Jacob?
995 3071 1083 3138 Deus
1102 3084 1280 3137 autemnon
1296 3067 1335 3162 esi
1356 3092 1440 3138 mar·

320 3221 322 3226 ·
384 3183 532 3252 tuorum,
548 3166 603 3253 sed
612 3172 772 3244 vivorum.
802 3161 1235 3240 omneseaimiaioivrmr?
1261 3167 1440 3259 Optemus

385 3286 474 3359 ergo
499 3263 618 3339 &noa
636 3262 838 3360 hujusmodi
863 3281 1047 3359 mortem,
1072 3267 1160 3340 sieut
1183 3266 1216 3339 dr
1238 3259 1439 3363 Apostolus

384 3365 485 3456 dicit,
496 3379 537 3436 ut
548 3367 740 3440 moriamur
753 3381 920 3459 peccate,
934 3367 1098 3440 vivamus
1110 3381 1227 3441 autem
1239 3365 1335 3441 Deo.
1369 3360 1442 3439 Ta·

308 3535 312 3540 .
331 3505 343 3526 e
383 3465 431 3538 lis
444 3484 596 3554 namque
609 3466 763 3539 Abralrae
779 3485 877 3537 mors
893 3467 1119 3562 intelligenda
1132 3464 1203 3559 est,
1224 3486 1300 3558 quae
1313 3467 1349 3538 in
1363 3478 1440 3538 tun·

382 3576 462 3654 tum
476 3565 681 3637 dilataverit
693 3567 783 3638 smus
799 3565 889 3657 ejus,
906 3565 1211 3656 eremmanos,
1229 3564 1343 3657 quide
1356 3586 1440 3658 qua·

384 3666 942 3757 tuorterraepartibusveniunt‚
967 3666 1119 3739 insanum
1129 3663 1440 3760 Abrahaeporten·

385 3777 446 3838 tur
456 3764 499 3837 ab
514 3767 655 3860 angelis.
682 3764 751 3838 Sed
766 3766 950 3840 videamus
957 3763 1043 3858 jam,
1056 3765 1240 3858 quomodo
1250 3765 1330 3859 post
1343 3785 1438 3839 mor·

385 3879 459 3956 tem
487 3866 562 3957 ejus
591 3865 845 3959 benedixerit,
881 3861 1058 3938 Dominus
1079 3855 1171 3938 lsaac
1196 3861 1307 3940 filium
1334 3862 1441 3963 ejus,

381 3965 420 4050 ..dt
435 3962 877 4058 quaestlstabeaedittio.
901 3970 1091 4057 ocaeano,
1117 3963 1253 4066 inquit,
1282 3965 1442 4159 &amilius

1311 4087 1390 4151 Μὴ
