3417 4692
380 435 454 512 eta
528 443 584 490 -¹
712 371 1231 544 0R10.EN18'·''
1351 409 1354 414 ’

380 609 473 664 vere
490 585 635 684 poss'unt
653 590 775 668 dicere
790 592 834 666 ad
854 589 1073 669 Dominum:
1101 597 1178 667 Ecce
1192 621 1251 666 nor
1271 591 1447 691 dimpirm

380 699 509 774 omnia,
534 691 573 768 6
589 693 692 780 secuti
708 693 816 782 sumne
842 709 893 766 tet
920 708 1027 787 atque
1053 695 1175 768 audire
1200 699 1242 769 ab
1269 715 1338 787 e0,
1364 701 1442 793 quia

377 815 438 861 vor
457 794 621 889 quisituri
637 793 705 890 estis
722 817 789 880 rite,
815 798 851 864 in
868 801 1098 888 regeneratione
1115 802 1269 881 omnium,
1296 821 1365 864 cum
1385 821 1442 868 ve·

379 894 468 966 norit
476 893 571 983 filius
586 892 725 963 luminis
739 903 775 964 in
790 917 882 988 regno
891 897 961 984 suo,
981 897 1125 986 sedebitis
1140 897 1179 972 (i
1193 921 1250 966 nos
1257 898 1350 993 super
1366 899 1441 968 ino·

379 993 478 1066 datm
496 994 648 1082 thronos,
670 994 850 1092 judicantrr
866 997 1017 1065 duodecim
1036 997 1139 1065 tribur
1163 997 1265 1078 israel.
1336 1021 1342 1044 ³

456 1111 491 1186 7.
516 1090 901 1188 retractaremus,
925 1095 1009 1187 quid
1021 1096 1107 1169 dicit
1125 1093 1293 1188 Moyses:
1322 1097 1440 1168 Etia-

382 1191 524 1276 bt'tovt't‚
551 1193 688 1286 inquit,
717 1195 810 1280 lsrael
832 1221 868 1264 tir
884 1197 1044 1290 AEgypto,
1073 1203 1109 1264 in
1134 1213 1221 1264 terro
1238 1193 1354 1286 Geffm
1382 1195 1440 1268 ln'·

375 1303 600 1389 terpretatur
618 1305 736 1368 autem
750 1291 880 1368 Gessen
897 1295 1130 1387 proximitas,
1157 1298 1217 1369 vel
1232 1296 1441 1387 propinqui·

378 1401 447 1468 tas.
497 1389 566 1468 Per
588 1393 686 1485 quod
708 1391 928 1487 ostenditur,
963 1395 1043 1486 quia
1062 1395 1191 1468 etiamst
1213 1395 1248 1467 in
1273 1394 1440 1490 AEgypto

249 1583 252 1590 ¹
378 1490 522 1570 habitet
535 1489 662 1588 lsrael,
688 1513 765 1569 non
783 1509 902 1568 tamen
918 1493 1093 1590 longeest
1113 1517 1132 1566 a
1151 1494 1254 1584 Deo,
1280 1492 1336 1566 sed
1355 1515 1441 1584 pro-

378 1593 496 1668 ximus
520 1590 571 1668 est
590 1595 624 1666 ei
645 1593 679 1666 it
706 1593 947 1688 conjuniius,
984 1593 1074 1666 ficut
1096 1595 1200 1667 etiam
1226 1592 1298 1686 ipse
1327 1581 1438 1687 dicit,

378 1693 463 1786 quia
479 1719 528 1788 ago
547 1689 724 1781 desrmdam
744 1712 842 1766 tetum
857 1701 894 1764 in
909 1695 1108 1790 AEgyptem,
1133 1695 1170 1770 Θ
1191 1719 1239 1788 ego
1257 1719 1307 1763 ero
1328 1710 1437 1764 tecum.

351 1825 353 1830 ·
377 1785 430 1867 Et
449 1815 518 1867 nos
533 1813 622 1892 ergo
636 1795 742 1868 etiam
755 1795 781 1869 st
794 1794 958 1868 videmur
977 1795 1014 1867 in
1029 1791 1227 1890 AEgyptum
1248 1791 1440 1866 descendis·

378 1889 440 1987 se,
467 1896 572 1967 etiam
593 1895 630 1966 in
650 1913 755 1967 carne
770 1893 876 1988 positi
895 1913 1027 1988 agones
1053 1893 1173 1967 mundi
1189 1893 1293 1984 hujus
1313 1893 1346 1964 it
1365 1912 1441 1965 cer·

378 1992 511 2067 tamine
528 1991 754 2086 sustinemus,
778 1993 885 2067 etiam
905 1992 1038 2072 stinter
1058 2013 1122 2066 eos
1136 1992 1355 2083 habitamus,
1380 1993 1440 2084 qui

379 2089 588 2166 deserviunt
608 2091 807 2184 Pharaoni,
833 2106 953 2164 tamen
979 2090 1003 2164 sr
1028 2111 1145 2187 prope
1172 2092 1288 2165 Deum
1309 2091 1439 2185 fimus,

375 2189 454 2266 stin
467 2192 717 2266 mandatorum
733 2194 808 2286 ejus
826 2191 1060 2264 meditatione
1075 2189 1277 2281 versemur,
1304 2191 1439 2284 &proo-

380 2303 487 2382 cepta
497 2291 572 2383 eius
588 2311 630 2363 ac
642 2292 774 2383 iudicia
785 2291 1027 2384 perquiramus
1042 2289 1137 2386 (hoc
1150 2290 1201 2363 est
1214 2291 1307 2365 enim
1321 2309 1438 2384 prope

380 2388 450 2464 eise
472 2391 556 2464 Deo
575 2388 711 2484 semper
731 2411 807 2484 quae
827 2391 898 2464 Dei
922 2387 1020 2480 sunt,
1048 2391 1231 2486 cogitare,
1271 2412 1348 2482 quae
1365 2389 1438 2462 Doi

378 2487 480 2583 sunt,
499 2491 676 2590 quaerere)
696 2489 843 2564 &Deus
858 2489 992 2582 semper
1012 2491 1081 2562 erit
1098 2489 1280 2567 uobiscum
1298 2511 1363 2584 per
1379 2491 1437 2584 Je-

301 2637 319 2664 ν.
378 2587 452 2673 sum
467 2587 642 2665 Christum
657 2591 853 2666 Dominum
871 2587 1034 2690 nostum,
1060 2591 1117 2663 cui
1133 2589 1184 2663 esi
1202 2591 1315 2686 gloria
1331 2591 1368 2663 in
1382 2588 1438 2661 sae-

380 2689 461 2764 cula
481 2688 698 2766 seculorum.
749 2687 881 2768 Amen.

622 3027 989 3105 HOMILIA
1044 3029 1190 3107 XVII.

578 3195 631 3265 De
662 3189 925 3264 beneiiiiionibut
964 3193 1237 3267 Potriarcherum.
1288 3171 1291 3176 ⁵

382 3409 414 3465 1.
480 3389 645 3465 ciendum
666 3389 717 3466 est
735 3391 874 3485 primo,
899 3391 997 3483 quod
1014 3393 1050 3464 in
1072 3391 1215 3488 singulis
1242 3387 1438 3482 quibusque

503 3491 619 3584 locis,
646 3492 707 3565 ubi
731 3490 903 3584 scriptura
934 3491 978 3564 de
1003 3491 1192 3564 duodecim
1227 3491 1437 3582 patriarchis

378 3603 664 3685 commemorat,
697 3592 809 3663 muita
832 3590 873 3663 stt
893 3590 930 3663 in
950 3591 1022 3682 ipsa
1041 3590 1176 3662 ordinis
1202 3588 1438 3681 conscriptio·

375 3711 425 3768 ne
441 3688 635 3767 diverfitas.
687 3687 790 3763 Alius
809 3689 902 3763 ordo
919 3689 969 3762 est
986 3694 1023 3763 in
1038 3689 1110 3782 ipsa
1125 3709 1251 3762 eorum
1271 3688 1438 3760 nativita-

375 3803 417 3864 te
437 3787 686 3885 conscriptus‚
713 3790 800 3860 alius
823 3809 905 3862 cum
928 3805 1058 3862 terram
1081 3787 1232 3884 AEgypti
1256 3809 1326 3861 una
1355 3809 1437 3861 cum

375 3905 479 3984 patre
500 3887 564 3963 suo
588 3887 692 3964 Israel
715 3887 748 3961 δι
772 3887 897 3962 sobole
921 3887 1137 3982 posteritatis
1160 3887 1365 3959 reseruntur
1385 3887 1438 3960 in·

376 4001 485 4064 trare.
512 3985 612 4062 Alius
627 4009 724 4061 nunc
742 4009 821 4060 cum
842 3989 1111 4062 benediiiiones
1131 3987 1264 4059 obituri
1281 3988 1437 4078 parentis

375 4087 583 4188 excipiunt,
609 4090 696 4162 alius
715 4109 794 4162 cum
812 4086 952 4186 egressa
968 4090 1013 4165 de
1027 4083 1192 4188 AEgypto
1209 4088 1350 4176 tribus,
1375 4085 1436 4158 vel

485 4213 489 4224 ¹
1307 4204 1389 4257 cum
