3417 4692
440 375 444 390 '
597 399 1089 484 rnnxonuu
1297 427 1369 507 m9

314 567 505 662 servetur,
538 582 685 664 generat
710 582 878 643 mortem.
934 566 1136 642 Secundum
1157 566 1232 641 hoc
1261 588 1368 665 ergo,

316 668 416 761 quod
448 684 525 739 non
556 665 777 742 servantibus
810 680 957 763 generat
987 680 1171 759 mortem,
1202 667 1369 742 dicuntur

316 763 481 842 mandata
493 786 570 839 non
587 768 706 856 bona,
733 770 913 860 inquibus
930 774 1004 839 non
1019 768 1148 838 vivant
1159 768 1195 839 in
1213 768 1274 842 eis.
1299 766 1371 843 Sed
1386 843 1390 864 ι

319 868 401 957 quia
420 863 601 940 admiscuit
624 868 674 938 eis
690 868 824 963 lignum
846 866 961 938 crucis
978 862 1127 958 Christi,
1154 865 1236 941 &in
1252 867 1371 943 dulce·

318 962 553 1040 dinem-versa
569 963 671 1057 sunt,
696 965 947 1059 &spiritaliter
965 963 1144 1038 intellecta
1164 962 1371 1053 servantur,

319 1064 443 1137 eadem
468 1062 540 1158 ipsa
558 1064 724 1139 mandata
742 1070 826 1138 vitae
844 1065 1088 1158 appellantur:
1119 1063 1209 1137 srcut
1231 1064 1266 1137 ba
1288 1067 1371 1141 alibi

320 1164 425 1236 dicit:
452 1165 538 1235 Audi
553 1165 648 1254 lsrael
662 1169 919 1245 mandaravira.
971 1163 1041 1237 Sed
1053 1162 1258 1257 videamus,
1286 1167 1371 1257 quid

320 1265 371 1335 eis
388 1264 632 1355 promittitur,
651 1263 675 1337 fi
691 1261 891 1339 serventur.
916 1268 979 1357 Si,
1004 1264 1140 1355 inquit,
1160 1262 1373 1352 servaveritis

317 1380 469 1459 praccepta
487 1388 569 1451 mea,
594 1388 661 1434 non
681 1367 825 1436 inducam
842 1366 938 1460 super
956 1387 1012 1433 vas
1034 1387 1137 1433 omnes
1158 1366 1375 1457 agritudines,

319 1488 399 1561 quas
416 1466 532 1531 induxi
547 1463 724 1559 AEgyptr'is.
744 1491 756 1519 ¹
777 1463 875 1562 Quid
899 1483 987 1558 ergo
1009 1462 1154 1536 videtur
1176 1463 1326 1537 dicere?
1350 1465 1377 1541 sl

323 1564 400 1653 quis
419 1559 538 1635 servet
560 1564 743 1655 mandata,
769 1563 902 1637 nullam
925 1562 1167 1657 agritudinem
1192 1563 1374 1655 patiatur?

321 1662 395 1735 hoc
413 1660 486 1752 est,
517 1681 634 1752 neque
650 1662 799 1756 febriat,
824 1683 941 1753 neque
961 1663 1050 1734 alios
1076 1661 1222 1734 dolores
1244 1683 1380 1760 corpo-0.

320 1762 370 1832 ris
384 1758 502 1834 ferat?
529 1759 616 1834 Non
634 1774 724 1854 puto
742 1762 840 1853 quod
859 1762 935 1834 haec
953 1760 1040 1843 smt‚
1066 1780 1144 1851 quae
1165 1763 1376 1853 promittan-

320 1872 381 1932 tur
409 1858 532 1931 divina
555 1863 718 1934 mandata
744 1860 978 1934 servantibus.
1036 1857 1210 1950 Alioquin
1241 1861 1376 1936 indicio

320 1960 428 2033 nobis
448 1958 499 2030 est
511 1958 582 2052 Job
600 1961 816 2051 justiffimus,
842 1960 877 2031 br
896 1960 1010 2032 totius
1027 1960 1170 2052 pietatis
1184 1959 1377 2037 observan-

319 2058 486 2147 tiffimus,
513 2058 628 2148 quiaa
652 2063 768 2153 capite
791 2059 901 2150 usque
921 2057 963 2131 ad
980 2059 1089 2150 pedes
1103 2061 1264 2151 repletur
1280 2064 1376 2137 ulced

321 2177 361 2231 re
380 2156 534 2250 pessimo.
578 2158 675 2232 vNon
691 2162 743 2234 his
765 2179 887 2232 carere
906 2159 1074 2232 dicuntur
1090 2154 1376 2254 infirmitatibus,

323 2257 384 2348 qui
399 2256 563 2331 mandata
575 2259 800 2341 custodiunt,
825 2257 885 2331 sed
900 2277 979 2332 non
993 2258 1177 2333 habebunt
1190 2259 1265 2331 illas
1282 2258 1378 2334 infir·

323 2358 490 2447 mitates,
522 2376 607 2447 quas
628 2353 793 2454 AEgyptii
814 2358 959 2433 habent.
1019 2356 1201 2452 AEgyptus
1224 2380 1379 2453 namque

322 2455 474 2531 mundus
499 2451 694 2550 figuraliter
720 2458 929 2551 appellatur.
979 2441 1254 2553 Diligereergo
1278 2479 1381 2533 mun·

322 2556 429 2647 dum,
456 2552 491 2624 bt
513 2574 555 2625 ea
578 2575 656 2645 quae
679 2555 872 2628 inmundo
893 2552 991 2645 sunt,
1018 2552 1211 2649 AEgyptius
1228 2557 1379 2651 languor

323 2651 386 2726 ert
437 2650 526 2724 Dies
545 2651 759 2746 observare,
793 2650 1002 2733 &menses‚
1028 2653 1062 2723 da
1078 2666 1262 2745 tempora,
1286 2656 1380 2751 dgna

269 2755 273 2766 “
323 2749 536 2843 requirere,
566 2750 744 2825 stellarum
768 2751 924 2825 cursibus
946 2750 1151 2834 adhaere,
1184 2750 1378 2850 AEgyptiur
1413 2781 1418 2796 ¹

323 2849 557 2944 languorest.
605 2849 801 2925 Deservire
824 2849 939 2923 carnis
956 2852 1133 2942 luxuriae,
1160 2850 1380 2946 &volupta-

324 2952 419 3023 tibus
431 2969 576 3040 operam
590 2949 693 3043 dare,
708 2971 837 3023 vacare
849 2948 1005 3041 deliciis,
1025 2947 1217 3045 AEgyptius
1229 2954 1381 3047 languor

325 3049 387 3123 est.
438 3045 546 3121 Caret
579 3069 666 3144 ergo
694 3049 747 3122 bis
779 3046 1044 3123 infirmitatibus
1071 3049 1380 3149 &languoribus,

325 3148 386 3242 qui
400 3146 565 3220 mandata
580 3147 745 3222 custodit
1237 3171 1243 3180 ·
1373 3181 1377 3194 ·

401 3267 435 3339 3.
461 3243 546 3319 Post
555 3246 631 3321 haec
641 3248 746 3342 dicit,
767 3247 1020 3341 quiavmerunr
1034 3251 1072 3319 in
1084 3247 1211 3339 Helim,
1234 3246 1276 3327 (7
1287 3265 1382 3322 erant

326 3346 373 3417 r'br‘
393 3347 546 3417 duodecim
560 3345 672 3440 fantes
692 3372 866 3440 aquomst,
900 3345 940 3424 (Ὺ
960 3350 1029 3424 lxx.
1047 3348 1171 3428 arbores
1196 3352 1382 3443 palmarum,

324 3440 475 3520 Putasne
489 3439 599 3519 habet
616 3448 746 3538 aliquid
760 3445 930 3539 rationis,
956 3446 1055 3540 quod
1068 3468 1144 3520 non
1158 3451 1246 3521 'ante
1262 3452 1300 3524 in
1309 3451 1382 3525 He·

324 3546 386 3619 lirn
397 3545 539 3618 ducitur
549 3549 727 3641 populus,
746 3547 808 3619 ubi
823 3561 925 3620 erant
939 3546 1130 3620 duodecim
1142 3547 1264 3622 fontes
1278 3571 1382 3641 aqua·
1397 3565 1401 3575 ·

325 3666 433 3735 rum,
468 3645 595 3735 quibus
618 3647 705 3718 nihil
733 3647 970 3720 amaritudinis
993 3647 1130 3738 inerat,
1164 3649 1237 3720 imo
1260 3651 1382 3741 potius

326 3743 388 3814 ubi
411 3755 488 3814 erat
512 3746 692 3817 anroenitas
718 3746 868 3836 plurima
895 3767 941 3816 ex
967 3744 1138 3818 densrtatc
1161 3748 1381 3843 palmarum

326 3840 387 3915 sed
402 3843 519 3932 primo
534 3842 659 3938 dubius
675 3843 724 3916 est
737 3844 780 3916 ad
795 3864 901 3934 aquas
916 3841 1013 3915 salsas
1026 3843 1059 3915 u
1073 3865 1226 3937 amaras,
1254 3847 1382 3935 quibus

326 3961 392 4034 per
414 3941 546 4035 lignum
562 3941 794 4017 monstratum
818 3964 837 4013 a
860 3940 1022 4015 Domino
1044 3943 1204 4020 dulcibus
1225 3943 1384 4045 effebiis,

326 4039 451 4139 postea
469 4040 614 4116 venitur
635 4042 680 4116 ad
693 4038 847 4117 fontes?
874 4039 910 4113 Si
928 4039 1110 4121 historiam
1130 4042 1238 4119 solam
1264 4046 1385 4137 sequa.

609 4187 612 4191 -
812 4137 876 4212 Cu
900 4159 924 4232 5
1214 4164 1318 4226 mur
1331 4198 1352 4236 ,
1419 4205 1443 4262 ·l
