3417 4692
569 345 1057 492 1nsxon'un.
1211 419 1342 510 Δεις

291 569 428 651 trucem
440 573 564 651 animae
575 573 776 674 pertinent,
791 595 869 668 quae
883 573 1069 670 dicuntur,
1086 567 1111 650 n
1127 567 1263 650 deDeo
1276 575 1345 652 ser·

288 696 352 751 mo
367 673 430 766 est,
449 676 603 750 simones
617 676 747 769 docet,
762 675 916 748 virtutes
928 659 1072 768 invitat,
1092 677 1181 750 vitia
1194 675 1342 772 resecat,

288 789 416 872 patere
434 774 566 848 debent
586 791 686 848 aures
701 773 946 868 hujuscemodi
958 775 1127 867 eloquiis:
1153 777 1276 849 &non
1288 775 1345 849 so·

290 875 364 947 lum
378 893 494 965 aures,
508 871 705 968 scddccor,
721 873 878 967 demens,
902 875 1026 948 &tota
1040 875 1084 948 ed
1096 875 1345 966 huiuscemodi

290 973 447 1046 audintm
477 975 598 1048 anirnae
614 977 721 1069 janua
744 973 929 1068 pandenda
947 971 1008 1048 est
1059 974 1201 1048 Summa
1222 985 1344 1050 tamen

284 1071 535 1147 moderatione
564 1073 732 1167 precepti
752 1072 810 1146 usa
831 1073 882 1147 est
902 1076 988 1148 lext
1025 1078 1067 1146 ut
1087 1093 1164 1146 non
1183 1072 1343 1149 dicerets

285 1191 362 1245 non
383 1171 503 1247 audies
530 1177 677 1243 audirem
704 1193 855 1263 vanum,
888 1165 948 1246 sed
971 1197 1037 1245 uon
1064 1179 1196 1272 recipies.
1246 1172 1344 1248 Nam

285 1289 380 1346 vana
404 1270 611 1364 frequenter
635 1272 804 1348 audimus.
860 1271 1029 1346 Marcion
1053 1293 1131 1366 quae
1154 1273 1341 1366 loquitur,

285 1387 381 1444 vana
405 1367 496 1447 suut
548 1371 762 1446 Valentinus
787 1388 865 1466 quae
888 1374 1080 1467 loquitur,
1118 1389 1212 1445 vana
1238 1369 1341 1447 sunta

286 1469 322 1542 dc
350 1487 473 1544 omnes
497 1473 557 1565 qui
587 1485 715 1546 contre
741 1486 941 1547 creatorem
971 1469 1090 1546 Deum
1113 1471 1341 1565 loquuntur,

285 1567 493 1664 nauriunt,
510 1589 588 1664 quae
602 1572 808 1663 loquuntur.
835 1570 905 1646 Sed
917 1584 1036 1645 tamen
1051 1567 1257 1664 frequenter
1271 1591 1342 1646 nos

287 1668 445 1742 eudimus
473 1686 539 1762 ea,
571 1683 614 1743 ut
637 1665 821 1746 aduersum
845 1693 887 1745 es
914 1667 1131 1766 respondere
1151 1668 1341 1764 poffimusr

285 1785 332 1841 ne
352 1761 450 1842 forte
466 1766 660 1866 subripiant
682 1769 952 1864 simplicioribus
972 1769 1166 1862 quibusque
1190 1768 1342 1844 fratrum

286 1865 489 1942 noſtrorum
515 1887 579 1963 per
607 1865 778 1944 sermonis
804 1883 981 1945 ornatum.
1047 1865 1221 1942 Audimus
1250 1888 1340 1966 ergo

282 1965 378 2039 hec:
404 1962 554 2042 sednon
573 1969 774 2062 recipimus.
824 1967 928 2044 Diua
950 1967 1030 2042 sunt
1046 1969 1140 2042 enim
1155 1970 1201 2042 de
1216 1987 1282 2042 ore
1300 1969 1342 2042 il·

282 2063 344 2156 10,
365 2067 463 2159 quod
485 2067 647 2142 diabolus
673 2067 822 2161 aperuit.
876 2070 922 2141 Et
942 2069 1025 2142 ideo
1045 2068 1218 2141 orandum
1234 2069 1341 2142 nobis

285 2161 357 2248 est,
384 2180 426 2237 ut
452 2167 615 2264 dignetur
644 2167 822 2241 Dominus
849 2171 987 2263 aperire
1017 2187 1060 2241 os
1087 2168 1272 2243 numum:
1297 2181 1341 2241 ut

283 2261 447 2356 pofflnrus
463 2265 497 2339 u
511 2267 798 2342 contradicentes
812 2271 1022 2361 revincere,
1048 2267 1266 2342 &obturare
1280 2287 1340 2361 os,

284 2363 385 2454 quod
401 2364 563 2440 diabolus
587 2367 736 2460 aperuit
788 2359 876 2441 Haec
896 2368 941 2440 de
961 2387 1030 2462 eo,
1059 2366 1159 2460 quod
1173 2364 1342 2460 scriptum

285 2460 354 2536 ests
381 2463 445 2560 Ego
461 2472 597 2561 aperiam
617 2491 650 2535 or
669 2483 783 2558 tuum,
806 2464 846 2544 ὅ
866 2467 1019 2564 instruam
1037 2484 1086 2552 te,
1113 2489 1179 2561 que
1196 2479 1338 2560 oporteat

284 2577 318 2633 re
341 2565 438 2661 loqui.
497 2559 587 2636 Non
613 2561 727 2638 solum
753 2576 872 2641 autem
896 2564 1018 2659 Moyii
1046 2565 1270 2658 promittitur
1294 2585 1340 2640 os

285 2661 413 2755 aperiri
440 2681 460 2734 ιι
484 2659 672 2757 Domino,
698 2663 814 2737 sed&
838 2665 973 2740 Acron.
1023 2661 1168 2736 Dicitur
1190 2663 1283 2737 enim
1304 2663 1341 2738 dt

285 2761 331 2834 de
347 2754 446 2855 ipso,
476 2763 538 2855 Ego
552 2769 690 2858 aperiam
704 2789 737 2834 os
749 2778 860 2850 tuum,
886 2763 926 2841 U
940 2789 971 2836 cs
990 2763 1099 2852 illius,
1125 2760 1166 2840 ὅ
1180 2765 1340 2862 instruam

284 2856 612 3057 naturaei.
659 2857 989 3038 ueniretur
996 2860 1341 3055 §tutiensis

283 3049 395 3132 loco!
420 3061 514 3132 inter
582 3061 674 3136 enim
693 3063 753 3135 ubi
773 3077 943 3135 occurrat
959 3059 1080 3154 Moyfi
1096 3063 1149 3153 is,
1176 3061 1276 3153 cuius
1292 3081 1338 3135 oe

287 3159 516 3250 aperiendum
540 3158 591 3233 est
612 3181 632 3233 ι
655 3157 750 3236 Deo.
802 3159 974 3234 Occurrit
998 3162 1092 3236 enim
1118 3155 1276 3259 (inquit)
1301 3163 1340 3239 in
1468 3165 1472 3179 '

283 3274 444 3332 montem
463 3258 546 3334 Dei.
595 3259 724 3346 Vides,
752 3260 832 3353 quia
853 3260 985 3336 merito
1004 3261 1160 3355 aperitur
1178 3281 1221 3333 os
1237 3261 1337 3355 ejus,

284 3357 345 3448 qui
362 3355 483 3452 potest
505 3375 697 3434 occurrere
716 3362 754 3433 in
774 3375 934 3434 montem
955 3360 1035 3433 Dei.
1084 3357 1210 3432 Petrus
1231 3358 1264 3431 dt
1282 3361 1340 3456 Je-

285 3457 399 3532 cobus
424 3457 633 3556 &Joannes
656 3459 694 3533 in
721 3472 883 3534 montem
903 3459 973 3532 Dei
998 3456 1257 3553 ascenderunt,
1295 3473 1339 3534 ut

283 3555 574 3632 transformatum
589 3552 703 3653 Jesum
723 3560 849 3633 videre
863 3573 1106 3650 mererentur,
1133 3556 1338 3652 &Moysen

284 3653 483 3772 cumipse,
516 3655 780 3774 atqueiieliam
801 3659 975 3775 uiderent·
988 3660 1025 3732 in
1049 3657 1174 3774 gioria.
1223 3653 1273 3730 Ec
1294 3671 1337 3774 cu
1437 3671 1441 3678 '

283 3753 661 3949 nesundicus
673 3757 1338 3954 :restinguerentur

284 3950 349 4026 nifi
368 3951 412 4025 ad
429 3949 589 4050 spiritalis
608 3956 848 4056 intelligentiae
872 3973 1043 4031 cacumen
1061 3949 1231 4046 evaseris,
1256 3974 1338 4033 non

287 4049 339 4134 οῦ
359 4065 525 4130 eentum
546 4067 708 4150 apertum
726 4055 935 4133 eDomioo.
980 4055 1020 4130 Si
1040 4057 1079 4131 in
1099 4055 1222 4227 humgi
1246 4055 1339 4132 loco

759 4193 761 4198 ·
1208 4165 1309 4226 ime
