3417 4692
577 359 1070 514 INEXObUM
1144 424 1146 428 ’
1283 447 1358 536 ηε

290 621 370 680 rum
390 617 476 676 eura
489 616 568 680 non
583 599 744 699 stringit,
770 598 885 673 laudis
900 610 1023 672 tamen
1038 593 1188 691 cupidus
1203 587 1298 694 firm,
1324 600 1362 676 dt

315 701 444 786 loriam
461 698 576 778 fedior
590 701 808 792 humanam,
833 698 859 773 sr
877 698 922 773 de
942 698 1129 772 hominum
1142 700 1313 775 vultibus·
1324 702 1361 776 dt

289 727 515 880 sermonibus
539 802 714 896 pendeo,
752 800 837 893 quid
861 800 906 870 de
926 821 984 874 me
1009 800 1069 872 ille
1091 797 1242 895 sentiat,
1270 821 1361 895 quo·

289 904 404 980 modo
424 904 487 977 ille
510 925 571 977 me
591 903 752 996 habeat,
778 921 826 976 ne
849 900 900 972 illi
923 896 1143 993 displiceam,
1168 901 1195 974 s1
1216 900 1267 976 illi
1285 903 1361 998 pla'·

291 1025 403 1078 ceam.
454 1001 591 1077 Donec
607 1003 754 1094 requiro
769 999 853 1092 ista,
876 999 1001 1100 servus
1016 1001 1148 1073 horum
1163 999 1249 1079 sum
1287 1001 1368 1078 Sed.

290 1107 464 1178 volebam
482 1125 528 1177 ex
552 1104 628 1176 hoc
650 1103 772 1178 saltem
795 1099 878 1176 satis
900 1109 1030 1198 agere,
1064 1099 1090 1173 sr
1114 1100 1238 1196 poffim
1265 1103 1360 1177 liber

289 1201 391 1296 fieri,
416 1204 441 1277 s1
457 1204 582 1297 potiim
593 1205 683 1302 jugo
699 1199 924 1294 soedae'hujus
937 1199 1120 1273 servitutis
1136 1201 1297 1298 absolvi,
1325 1203 1361 1278 du

290 1305 486 1399 pervenire
511 1304 554 1378 ad
573 1305 778 1380 libertatem
796 1299 990 1376 seeundum
1008 1299 1179 1395 Apostoli
1198 1322 1361 1378 commo·

290 1406 469 1478 nitionem
492 1403 644 1480 dicentis
655 1425 671 1480 τ’
693 1407 734 1485 ln
752 1403 932 1480 libertatem
948 1407 1056 1471 vocati
1075 1401 1161 1497 eflis,
1188 1407 1289 1475 nolite
1305 1407 1363 1493 fie-

289 1510 323 1573 ri
331 1505 423 1594 servi
443 1506 618 1581 hominum.
669 1503 744 1580 Sed
757 1503 836 1596 quis
851 1502 938 1577 mihi
950 1502 1050 1575 dabit
1067 1502 1161 1574 hanc
1175 1501 1361 1578 manumis

262 1603 462 1684 ¹sionem?
501 1606 594 1703 Quis
616 1627 675 1678 me
698 1605 742 1678 ab
769 1606 838 1678 hac
860 1601 1036 1688 servitute
1059 1602 1249 1698 turpislime
1272 1606 1361 1679 libe·
1469 1657 1472 1666 ·

262 1705 404 1798 -rabit,
442 1704 505 1777 nifi
539 1705 601 1778 ille
627 1704 687 1798 qui
719 1704 837 1778 dixits
872 1705 925 1776 Si,
944 1728 1001 1773 vor
1034 1704 1122 1790 filius
1155 1704 1360 1796 liberaverit,

289 1830 366 1877 vere
388 1804 481 1875 liberi
495 1800 627 1878 eritis?
656 1801 801 1877 Etenim
824 1801 899 1874 scio
919 1802 1001 1898 quia
1023 1800 1148 1875 servus
1174 1823 1252 1879 non
1275 1820 1361 1900 pot·

291 1903 343 1976 est
382 1904 550 1977 libertate
585 1903 740 1997 donari,
781 1902 845 1977 nisi
875 1898 1034 1975 fideliter
1073 1901 1259 1998 serviens,
1295 1907 1362 1984 nist

291 2000 492 2077 Dominum
526 2004 687 2101 diligens.
758 2000 809 2075 Et
841 2001 926 2074 ideo
960 2002 1068 2075 etiam
1100 2022 1171 2075 nos
1203 2001 1361 2082 fideliter

289 2101 507 2195 serviamus,
535 2103 569 2176 u
593 2125 638 2176 ex
655 2115 753 2176 toto·
770 2100 903 2193 corde,
931 2098 965 2174 &
987 2123 1034 2175 ex
1049 2115 1136 2175 toto
1154 2104 1297 2202 animo,
1324 2107 1361 2182 du

289 2224 336 2276 ex
350 2215 433 2276 tota
445 2197 586 2276 virtute
598 2202 721 2278 nostra
740 2202 926 2299 diligamus
944 2199 1144 2278 Dominum
1157 2202 1277 2280 Deum
1293 2229 1361 2281 no·

289 2301 422 2394 strum,
449 2317 492 2375 ut
510 2317 711 2378 mereamur
733 2304 903 2377 libertate
928 2301 1096 2377 donaria
1118 2301 1262 2380 Christo
1276 2308 1362 2404 Jesu

288 2398 366 2475 filio
385 2405 461 2493 ejus
482 2401 649 2476 Domino
666 2403 818 2497 nostro,
846 2402 905 2476 cui
925 2401 977 2478 est
992 2402 1156 2501 gloria&
1171 2404 1362 2499 imperium

286 2503 325 2574 in
340 2500 466 2573 sacula
483 2498 715 2595 saeculorum,
741 2501 873 2578 Amen.

291 2706 493 2732 *
951 2708 1358 2742 *m

383 2851 386 2856 ·
472 2803 1098 2921 'Homrnrn'xuu

426 3010 480 3079 De
503 3005 575 3095 sris,
601 3029 670 3105 que
694 3003 874 3098 offeruntur
896 3006 936 3076 ad
967 3003 1230 3083 sabernaculum.

291 3225 324 3282 1.
341 3207 444 3414 Jam
464 3204 661 3296 quidam&
679 3206 776 3298 prius
798 3204 842 3279 de
863 3204 1118 3280 Taber‘naculo
1134 3229 1204 3301 pro
1220 3209 1359 3286 viribus
1382 3247 1385 3251 ·

412 3304 637 3397 dixeramus,
665 3325 794 3378 verum
817 3308 987 3396 quoniam
1005 3305 1095 3399 saepe
1119 3307 1157 3381 in
1178 3307 1299 3384 Exodi
1320 3314 1361 3385 liz
1419 3318 1422 3324 '

288 3407 359 3482 bro
383 3408 561 3499 repetitur
581 3403 654 3497 ipsa
680 3402 904 3498 descriptio:¹
931 3403 1085 3503 (dicitur
1108 3410 1204 3484 enim
1223 3412 1256 3484 da
1278 3431 1370 3508 cum,

289 3504 471 3580 Dominus
503 3506 676 3601 praecepit
703 3505 825 3597 Moysi
850 3508 1003 3598 qualiter
1029 3503 1106 3578 fieri
1136 3507 1288 3605 debeat,
1325 3512 1361 3586 dr

287 3608 418 3680 iterum
436 3628 516 3680 cum
532 3603 682 3697 Moyses
699 3607 871 3699 praecepit
886 3608 1042 3699 populo,
1068 3619 1111 3677 ut
1125 3610 1259 3683 offerat
1272 3629 1362 3686 con·

290 3705 462 3779 struendo
482 3705 586 3800 operi
603 3704 799 3798 materias,
832 3706 921 3778 ficut
941 3708 1016 3778 haec
1037 3705 1145 3780 lenio
1171 3711 1360 3807 continet,

291 3827 369 3896 quae
383 3806 491 3877 nobis
506 3806 620 3880 modo
635 3805 786 3879 recitata
804 3804 872 3900 est:
900 3804 957 3878 sed
976 3805 1253 3897 &postmodum
1274 3833 1360 3884 enu·
1406 3797 1412 3816 ⁸

288 3918 474 3979 merantur
494 3904 651 4003 singula,
679 3926 760 3978 eum
779 3928 843 4000 per
860 3904 1062 4000 Beselehel,
1090 3909 1123 3980 &
1144 3925 1294 3983 caeteros
1313 3910 1362 3985 sa·

286 4007 430 4103 pientes
449 4005 534 4077 viro
549 4006 798 4099 fabricantur,
819 4005 852 4077 δι
872 4007 1026 4099 itenrm,
1054 4017 1135 4081 eu'm
1151 4011 1195 4084 ad
1212 4009 1361 4105 eonspe-

288 4107 384 4180 tium
398 4104 522 4198 Moyn
539 4105 751 4180 deseruntur
760 4105 834 4282 ,Gdu
847 4106 1002 4202 rursum,
1026 4128 1113 4182 cum
1122 4132 1192 4204 nes
1206 4130 1379 4268 manen·

818 4230 841 4311 ἓ
868 4233 895 4305 4
1281 4219 1361 4268 m
