3417 4692
478 449 765 528 SELECTA
789 450 857 528 IN
881 449 1175 531 GENESIM.
1313 460 1361 547 85

293 612 661 702 derefimilitudinem
680 614 790 708 patris
805 611 936 705 uniri,
958 635 1040 688 eum
1057 609 1363 710 quodammodoa

291 711 439 790 suorum
468 711 618 787 fratrum
648 715 785 807 pietate
815 713 1020 810 distinguit,
1054 713 1248 809 adjiciens,
1285 703 1361 806 ipse*

238 810 407 906 „Cham
437 825 540 903 pater
574 810 625 886 est
653 813 834 893 chanaan.
884 812 1028 887 Genera
1060 814 1229 906 siquidem
1257 825 1371 888 urant¹

238 941 239 996 ξ
292 933 422 986 omnes
437 907 502 984 filii
515 912 624 986 Noe:
651 912 745 986 solus
764 928 883 988 autem
905 913 970 987 iste
992 915 1153 986 moribus
1181 933 1259 985 non
1281 925 1360 987 erat

292 1007 418 1101 filius,
443 1005 502 1083 sed
521 1011 640 1109 fimilis
660 1011 725 1087 filii
744 1028 859 1109 parer.
909 1015 1155 1112 Quamobrem
1174 1013 1219 1086 ad
1247 1012 1361 1105 maJ'o·

291 1129 369 1186 rem
391 1109 734 1186 demonstrationem
757 1112 909 1206 positum
929 1109 980 1184 est
996 1112 1104 1204 illud,
1132 1109 1193 1210 ipse
1206 1129 1301 1208 parer
1317 1110 1363 1208 efi-

244 1236 247 1241 ·
294 1212 468 1284 chanaan.
521 1210 595 1307 Qui
614 1212 802 1284 verohaec
822 1212 914 1284 dixit
927 1211 1119 1302 Hebraeus,
1145 1212 1239 1283 hanc
1251 1211 1360 1286 etiarn
1403 1266 1407 1272 -

289 1309 526 1385 traditionem
543 1307 738 1400 afferebat,
766 1313 800 1384 δι
820 1310 1052 1390 traditionem
1068 1311 1210 1385 ratione
1226 1308 1360 1402 confrrq

288 1412 432 1485 mabar:
458 1410 613 1500 primum.
626 1410 794 1484 Chanaun
813 1410 973 1488 verenda
994 1411 1052 1484 avi
1073 1411 1124 1484 sui
1139 1407 1263 1482 vid-iffa
1277 1405 1379 1480 suo·.¹
1429 1421 1434 1428 '

290 1531 363 1600 que
390 1506 503 1580 solum
525 1512 621 1600 patri
638 1510 810 1610 narraffe,
837 1531 943 1582 avum
961 1523 1129 1600 tanquam
1149 1507 1265 1582 senem
1282 1510 1358 1580 irri-

291 1607 429 1682 dendo.
482 1604 595 1682 Charo
611 1630 704 1684 vero
728 1631 809 1684 cum
829 1608 981 1704 perinde
992 1629 1034 1682 ac
1051 1609 1178 1681 fratres
1199 1629 1276 1681 non
1299 1606 1358 1679 de·

290 1707 399 1802 beret
414 1706 522 1799 impie
542 1708 587 1780 ad
603 1722 740 1800 patrem
757 1707 951 1800 accedere,
977 1705 1036 1781 sed
1054 1710 1245 1804 objurgare
1261 1728 1357 1800 eum,

291 1808 353 1898 qui
370 1806 505 1898 primus
521 1807 680 1898 viderat,
708 1806 949 1901 &illudebat3
975 1806 1047 1900 ipse
1061 1802 1360 1900 quoquepersua·

290 1903 349 1980 sus
384 1903 420 1977 δι
449 1907 609 2000 aeceffit,
643 1908 677 1979 dc
709 1907 824 1993 vidit,
849 1906 1090 1999 fratribusque
1120 1906 1360 1982 renuntiavit.-

290 2003 365 2078 Sed
381 2003 457 2076 uec
480 2006 689 2078 viderentur
708 2004 776 2079 effe
799 2004 983 2098 fabulosa,
1007 2007 1071 2081 nis1
1096 2006 1169 2080 hoc
1186 2005 1286 2099 quod
1308 2003 1359 2078 sc·

290 2103 748 2196 quinndenonstrationis
769 2105 846 2179 vim
863 2106 1037 2180 haberet:
1066 2108 1113 2178 Er
1124 2106 1299 2197 susurrores
1317 2103 1358 2201 est

290 2207 366 2279 Me
381 2230 402 2271 a
414 2204 521 2292 somno
539 2206 616 2292 suo,
642 2206 777 2297 inquit,
804 2203 844 2282 (Ἰ
861 2211 1006 2298 cognovit
1022 2230 1217 2303 quacumque
1231 2206 1358 2298 fecerat

238 2343 240 2368 .
289 2309 320 2376 u·
329 2304 426 2394 filius
437 2302 517 2390 suus
527 2307 653 2401 junior.
707 2304 817 2378 Cham
838 2320 957 2379 autem
976 2326 1053 2377 non
1072 2320 1148 2377 erat
1169 2306 1245 2395 ejus
1260 2302 1355 2377 filius

238 2435 239 2442 ¹
288 2401 439 2496 junior,
467 2399 525 2478 sed
544 2401 728 2477 secundus.
779 2403 849 2477 Sem
867 2405 986 2496 enim,
1019 2407 1159 2498 inquit,
1192 2405 1232 2481 u
1255 2406 1358 2475 Chaa
1415 2487 1419 2502 Ι

289 2500 331 2580 dr
345 2504 480 2598 Japher.
532 2505 644 2601 Quod
660 2504 684 2576 fi
701 2501 813 2577 filium
833 2505 1015 2576 minimum
1028 2503 1271 2578 demonstrare
1286 2525 1358 2576 vo·
1448 2547 1451 2558 =

288 2600 433 2691 uiuet,
459 2603 589 2696 Japhet
615 2601 838 2679 nominasset.
890 2603 1073 2699 Quoniam
1096 2624 1189 2676 vcro
1211 2603 1269 2676 avi
1293 2623 1356 2678 ne·

289 2715 401 2797 potes
418 2701 452 2772 ἂ
469 2704 675 2790 corenam,
698 2702 756 2792 qui
773 2703 817 2774 ab
835 2701 889 2773 his
907 2703 1014 2795 longa
1031 2700 1118 2773 serie
1135 2699 1354 2795 nascuntur,

288 2797 409 2874 solent
427 2796 525 2871 iiiios·
541 2801 748 2894 appellare,
787 2798 956 2872 Chanaau
973 2815 1147 2894 nepotum
1169 2800 1369 2873 minimum

289 2899 378 2972 dicit
403 2895 573 2993 scriptura
601 2900 786 2994 cognitum
810 2896 912 2973 fuiffe
931 2920 951 2970 a
973 2898 1063 2973 Noe
1085 2899 1224 2971 sceleris
1248 2898 1354 2989 hujus

288 2996 485 3072 audorcm.
537 2996 586 3070 Et
606 2999 703 3089 quod
718 3019 775 3070 res
794 3000 845 3071 ita
865 2996 898 3070 se
917 2998 1067 3091 habeat,
1094 2997 1273 3093 subjungit
1288 2997 1354 3071 sta·

287 3099 356 3170 tim
378 3097 524 3170 divinus
548 3096 687 3189 sermo,
713 3099 748 3169 u
772 3099 839 3171 ait:
865 3098 1062 3172 Muluium
1090 3100 1266 3183 chanaan,
1285 3099 1355 3186 ser·

286 3220 353 3268 vus
367 3197 535 3285 servorum
560 3203 625 3270 erit
646 3197 812 3290 frutribus
831 3199 913 3288 suis.
965 3198 1080 3294 Quod·
1105 3197 1129 3271 fi
1151 3198 1228 3289 quis
1248 3196 1373 3288 mire·¹

285 3309 372 3388 tur,
400 3297 630 3387 quamobrem
652 3294 784 3387 cham,
810 3318 891 3370 cum
917 3298 990 3390 ipse
1015 3318 1161 3389 quoque
1186 3294 1272 3370 effet
1290 3297 1355 3374 im·

283 3396 392 3489 pius,
417 3396 567 3476 eandem
577 3416 619 3469 ac
634 3392 726 3470 filius
742 3393 1024 3474 malediuionem
1038 3419 1114 3469 non
1126 3395 1177 3468 est
1189 3394 1361 3492 sortitus,

273 3493 506 3589 cognoscat,
533 3494 556 3567 sr
577 3496 669 3567 hanc
685 3493 831 3568 sortitus
848 3494 954 3587 effer,
981 3496 1277 3583 videlicetseruus
1286 3497 1353 3583 sera
1439 3583 1445 3592 .

284 3619 402 3665 varum
424 3605 508 3679 eru,
533 3593 714 3666 servitutis
740 3595 845 3666 etiam
870 3596 1060 3689 participes
1079 3595 1223 3667 futuros
1249 3593 1353 3668 foisse

284 3693 417 3770 fratres
439 3694 536 3785 ejus,
563 3694 861 3782 quemadmodum
888 3716 934 3767 ex
954 3694 1202 3770 maledidione
1224 3692 1354 3766 fratrea

285 3792 456 3866 Chanaan
474 3793 567 3865 servi
585 3793 729 3866 fuerunt
744 3812 894 3887 eorum,
921 3814 1073 3886 quorum
1093 3792 1216 3867 servus
1235 3790 1355 3864 decla·
1453 3843 1464 3879 Α

281 3906 383 3966 ratus
405 3892 455 3963 est
473 3888 651 3968 Chanaan.

363 3995 444 4066 Nun
465 3997 626 4063 morietur·
639 3996 741 4063 omnis
759 4014 828 4061 raro
854 3989 1019 4090 ampliter]
1070 3987 1254 4062 Promittit
1275 4007 1362 4060 non·

283 4091 435 4188 amplius
450 4093 616 4190 generale
632 4112 653 4165 a
668 4087 703 4168 se
718 4087 908 4270 immliffirm
921 4092 968 4168 iri
987 4090 1193 4188 diiuuium
1207 4087 1242 4162 ,ix
1258 4086 1364 4200 φῇ·
1403 4135 1406 4140 ·

479 4247 481 4252 .
716 4221 721 4230 ·
848 4215 871 4293 3
1228 4200 1334 4260 *uum
