3417 4692
428 371 493 450 rn
516 369 801 468 sanastis
824 371 1211 476 nonnarum.
1240 441 1244 450 .
1285 397 1357 477 ,ῃ

276 479 399 708 ‘aar
422 536 460 608 in
481 536 587 610 nobis
613 535 725 629 illud,
751 539 849 630 quod
868 538 907 612 in
926 534 1063 633 psalmo
1088 535 1255 639 scriptam
1280 535 1357 618 esta

324 640 416 732 evelo-
432 639 530 707 oculos
555 661 656 726 meos,
682 639 721 713 <5
746 638 939 733 confidendo
958 637 1117 712 mirabilia
1140 641 1264 732 detege
1285 654 1359 722 tua,

285 733 365 810 Nisi
380 736 474 808 enim
492 732 564 830 ipse
578 736 714 832 aperiat
727 739 856 810 octtlos
872 735 1037 830 nostros,
1053 735 1241 836 quomodo
1254 737 1358 812 vide·

287 855 330 1007 ἔξ
342 835 1359 1030 attilii“ltaliaillidilitllliiltt

562 988 575 1026 ‚
1195 993 1199 1003 .

288 1035 438 1108 nuncin
457 1033 777 1128 parturitionibus,
812 1057 909 1110 nunc
927 989 1034 1110 etia’m
1057 1036 1094 1110 in
1112 987 1358 1112 sterilitatibui

288 1127 499 1228 figurantur.
550 1133 681 1208 Refert
710 1155 864 1226 namque
898 1134 1050 1228 presens
1081 1131 1222 1228 lediio,
1256 1122 1359 1226 quod

290 1233 376 1322 IJaai
399 1239 524 1327 rogavit
549 1237 653 1304 Deum
674 1256 730 1330 pro
758 1241 887 1308 Rebecca
908 1259 1005 1307 uxore
1023 1227 1110 1324 Iud,
1144 1239 1221 1334 quia
1234 1234 1359 1332 fictilis

289 1351 379 1417 erut,
406 1333 444 1410 (5
457 1335 625 1405 erudivit
639 1333 733 1406 Wum
745 1337 851 1418 Deus,
876 1333 1078 1430 &tt-imit,
1103 1333 1358 1424 desiliebant,

288 1429 434 1522 inquit,
461 1444 549 1516 pueri
569 1459 605 1504 m
623 1453 712 1504 utero
733 1439 812 1532 ejus.
863 1433 982 1508 Primo
1008 1433 1169 1508 omnium
1190 1434 1357 1538 intuere,
1454 1502 1457 1508 r

291 1532 378 1624 quid
403 1531 492 1605 istud
516 1529 585 1618 est,
611 1531 711 1624 quod
728 1534 887 1624 plurima
901 1531 1094 1626 sunitarum
1113 1533 1303 1628 mulierum
1317 1532 1359 1606 in

290 1627 471 1722 scripturis
495 1629 630 1706 steriles
652 1629 753 1724 fuisse
776 1631 1009 1726 referuntur,
1044 1631 1137 1706 ficut
1153 1629 1229 1726 ipl'a
1245 1629 1330 1706 Sara

290 1751 378 1802 ecce
398 1734 432 1802 dr
455 1749 553 1806 nunc
572 1729 752 1806 Rebecca.
802 1731 874 1806 Sed
897 1732 931 1804 ἃ
951 1727 1092 1806 Rachel
1107 1729 1236 1806 dilecta
1252 1683 1359 1804 Iliaci

288 1827 414 1926 sterilis
441 1827 521 1905 fuit
571 1825 679 1904 Anna
704 1849 850 1924 otioque
876 1845 991 1906 mater
1011 1831 1206 1923 Samuelis,
1229 1827 1359 1914 sterilis

289 1925 464 2004 scribitur.
506 1927 626 2002 Sed&
645 1929 685 2003 in
699 1924 904 2028 Euangeliis
919 1929 1108 2004 Elizabeth
1127 1927 1254 2004 sterilis
1277 1924 1359 2012 luil-

291 2025 327 2102 se
345 2043 575 2103 memoratur.
627 2029 669 2102 ln
686 2030 852 2104 omnibus
873 2029 1075 2104 autemillis
1091 2049 1183 2102 rurus
1198 2026 1259 2100 hic
1270 2027 1358 2100 titu-

288 2125 345 2200 lus
360 2127 578 2222 del'gnstun
603 2127 702 2220 quod
720 2127 802 2224 post
816 2127 1036 2204 sterilitatem
1054 2126 1211 2202 fandum
1228 2147 1358 2207 onmes

288 2224 467 2322 ediderint
495 2221 648 2318 partum.
699 2227 758 2300 Sic
787 2247 876 2326 ergo
904 2227 941 2301 dt
960 2229 1037 2302 haec
1062 2247 1161 2301 nunc
1185 2221 1359 2315 Rebecca

289 2323 416 2422 ¹sterilis
442 2321 542 2400 fuiss‘e
568 2324 722 2422 dicitur,
759 2324 818 2400 sed
845 2335 983 2418 oravit,
1010 2329 1152 2422 inquit,
1181 2328 1263 2416 Isaac
1288 2343 1359 2418 pro

289 2445 333 2498 ea
358 2431 558 2512 nmmum,
582 2423 622 2502 U
642 2428 813 2498 exaudivit
826 2423 972 2505 illan&
990 2434 1148 2520 conopia,
1172 2427 1213 2500 U
1233 2425 1360 2496 exulto·
1456 2457 1459 2463 ·

290 2523 476 2622 hanapum·
497 2531 535 2596 tn
557 2539 644 2596 utere
669 2530 749 2625 ejus.
801 2527 937 2600 sterilis
957 2525 1034 2600 hec
1057 2543 1144 2599 ecce
1163 2523 1247 2615 quid
1269 2543 1360 2598 con·

291 2623 401 2716 cepit.
450 2619 532 2698 Filii
557 2619 683 2696 sterilis
708 2639 897 2717 antequam
918 2621 1134 2716 nascantur,
1167 2623 1359 2717 exultant,

291 2721 328 2818 dr
346 2742 424 2813 quae
440 2713 690 2818 desperaverat
708 2721 871 2798 sobolem
885 2727 909 2818 ,'
923 2735 1050 2820 gentes
1069 2723 1104 2796 u
1122 2721 1279 2816 populos
1298 2741 1361 2814 ge·

290 2817 409 2907 stetin
425 2837 545 2898 utero.
596 2818 655 2896 Sic
671 2821 766 2897 enim
785 2821 893 2896 dicit:
920 2825 1032 2916 Aliis,
1058 2822 1201 2914 inquit,
1229 2821 1361 2894 &bace

293 2926 490 3016 interrogare
507 2925 702 3010 Demittunt,
730 2923 770 2998 U
789 2925 876 2994 dixit
894 2930 924 2995 ei
942 2929 1123 2996 Dominus:
1152 2926 1235 2992 Dua
1248 2937 1361 3014 gmter

292 3025 332 3091 in
347 3036 434 3092 utero
446 3037 499 3092 tue
513 3023 609 3100 sunt,
634 3019 674 3097 (5
688 3023 745 3094 duo
752 3023 906 3118 papulide
917 3040 1032 3093 ventre
1046 3019 1361 3116 ruoseporabuntur.

292 3117 463 3216 Longam
479 3119 529 3194 est
547 3121 571 3194 sr
592 3121 745 3194 velimus
761 3139 860 3194 nunc
883 3121 1143 3200 exultationem
1162 3137 1362 3211 pirenorum

293 3217 411 3312 adhuc
438 3222 474 3292 in
507 3235 616 3292 utero
646 3221 884 3294 habitantium
909 3219 1135 3314 perscrutari.
1190 3218 1362 3314 Longum

293 3315 387 3412 elisi
407 3317 453 3392 de
472 3318 525 3393 his
539 3319 904 3412 interpretationes&
919 3321 985 3392 aeni
1009 3333 1125 3414 mata,
1145 3337 1223 3410 quae
1237 3316 1361 3390 scribit

293 3415 495 3512 ¹Apostolus
514 3419 771 3514 proferamus,
812 3418 897 3512 quid
919 3343 1103 3512 myfierii,
1143 3415 1230 3510 quid
1250 3413 1363 3488 causae

294 3515 531 3610 contineant,
557 3537 621 3590 cur
639 3531 828 3608 antequam
844 3515 1034 3592 nascantur
1052 3515 1185 3612 pueri,
1220 3531 1281 3588 aut
1301 3515 1362 3587 ali·
1476 3534 1481 3544 ·

294 3615 381 3710 quid
402 3616 439 3690 in
462 3618 537 3690 hoc
559 3609 688 3693 seculo
712 3622 818 3714 agant
840 3617 929 3690 boni
947 3619 1010 3692 vel
1029 3616 1135 3710 mali,
1162 3614 1294 3712 dicitur
1314 3613 1361 3684 de

292 3713 376 3806 his,
408 3714 490 3808 quia
513 3722 645 3814 populus
673 3716 818 3812 populum
840 3716 1020 3812 superabit,
1054 3717 1093 3793 U
1119 3719 1218 3813 major
1237 3714 1362 3802 serviet

295 3819 414 3884 minori
426 3838 437 3888 r
465 3835 529 3886 cur
551 3830 742 3908 antequam
763 3815 809 3890 de
822 3817 944 3890 matris
964 3828 1073 3889 utero
1092 3813 1359 3909 procederent,

295 3911 427 4010 untur
436 3917 756 4018 retrusissem,
788 3917 871 4006 auia
889 3914 988 4014 iani
1004 3917 1125 4007 litui,
1150 3912 1361 4083 aalma

658 4017 934 4118 ,Qi-
