3417 4692
304 242 314 332 l

399 273 1302 405 comittunnnrarnotnrsrm.
1358 335 1410 410 ις

343 485 507 566 humano
522 499 579 556 rea
598 479 690 554 adeo
702 476 906 552 necestitate
914 489 1128 566 teneantur,
1142 489 1184 548 ut
1193 477 1296 550 aliter
1304 495 1413 568 quam

342 571 466 660 uarius
485 579 658 656 alborum
678 579 784 672 situs,
808 577 842 652 dt
862 577 1060 650 collocatio
1076 575 1221 670 jubeat,
1238 573 1317 650 fieri
1331 596 1410 652 non

297 769 299 780 4
342 686 487 781 pollint.
527 681 609 781 Qua
621 679 762 772 quidem
772 679 1002 773 exopinione
1012 675 1330 768 consequensillud
1344 677 1409 770 est,

344 803 384 858 ut
408 781 569 856 funditus
593 781 745 872 liberum
769 778 930 850 nostrum
956 779 1104 850 tollatur
1125 777 1333 865 arbitrium3
1366 776 1408 850 st·

343 885 490 973 mulque
504 880 657 975 proinde
671 881 745 952 laus
761 877 878 950 omnis
894 897 936 950 ac
950 879 1192 970 vituperatio,
1217 897 1408 967 rerumque

342 984 406 1055 vel
426 978 691 1075 approbatione
711 977 896 1074 dignarum
912 979 972 1049 vel
995 979 1272 1071 reprehensione
1290 979 1409 1054 disere

297 1135 301 1166 f
341 1095 439 1160 meo.
487 1081 575 1154 Haec
595 1097 707 1173 porro
728 1076 864 1150 sublata
886 1077 911 1150 sr
930 1074 1035 1150 semel
1045 1097 1182 1171 ¹erunt,
1205 1081 1410 1156 ‘evurescat

341 1183 478 1277 pariter
493 1176 631 1252 neceffe
648 1177 698 1252 est
707 1176 890 1269 quidquid,
912 1177 957 1250 de
966 1176 1090 1269 judicii
1109 1179 1222 1251 divini
1239 1183 1411 1272 aequitate

340 1281 513 1376 jaciatur,
541 1278 737 1351 concidant
751 1279 812 1351 vel
834 1277 1019 1350 intentatae
1034 1280 1210 1352 sceleratis
1227 1303 1412 1373 poenarum

344 1403 387 1455 ae
398 1379 656 1474 suppliciorum
664 1379 780 1469 minae,
795 1378 855 1449 vel
869 1376 1034 1470 promilla
1046 1380 1205 1452 melioris
1214 1380 1413 1454 santiioris·

344 1501 415 1575 que
441 1484 528 1552 vitat
551 1476 810 1584 prpfelioribus
839 1478 962 1572 glotiae
984 1501 1025 1550 ac
1046 1478 1226 1551 felicitatis
1244 1483 1410 1574 premia:

342 1581 433 1656 nibil
452 1581 546 1652 enim
568 1574 725 1671 ipsorum
739 1577 907 1669 deinceps
919 1600 999 1651 cum
1018 1577 1250 1652 ratione-fiet,
1302 1581 1411 1676 Into,¹

343 1681 607 1771 liqu'ncaetera,
620 1698 695 1769 quae
708 1699 753 1749 ex
764 1677 917 1768 ejusdem
930 1676 1124 1751 sententiat,
1142 1682 1178 1751 vi
1189 1677 1412 1774 efficiuntur,

343 1778 499 1874 spetiare
515 1779 646 1865 volet;
673 1798 749 1850 non
762 1778 874 1849 inanis
887 1777 1053 1869 proferto
1068 1778 1208 1868 solum,
1233 1802 1276 1852 ac
1292 1777 1412 1874 super·

345 1900 506 1958 vacanea
517 1874 606 1950 fides
619 1873 740 1950 nostra
752 1875 873 1949 futura
888 1878 949 1966 stt,
975 1877 1093 1950 sedne
1107 1878 1179 1971 ipse
1194 1881 1336 1972 quidem
1351 1882 1413 1954 ad·

297 1987 299 1996 ‘
343 1993 480 2051 ventus
497 1974 649 2070 Christi,
676 1990 826 2067 totaque
846 1976 908 2047 illa
921 1976 981 2050 seu
996 1978 1107 2074 legis,
1133 1979 1193 2051 seu
1213 1979 1413 2074 Propheta·

298 2065 302 2142 i
342 2100 421 2153 rum
440 2078 668 2169 oeconomia,
695 2074 1007 2168 &Apostolorum
1022 2081 1058 2150 in
1076 2080 1294 2170 excitandis,
1321 2101 1412 2156 con·

298 2169 301 2260 ζ
343 2175 700 2269 stabiliendisqueper
710 2173 888 2249 Christum
897 2177 968 2250 Dei
976 2173 1143 2250 Ecclesrir
1157 2176 1316 2273 suscepta
1324 2201 1413 2255 con·

343 2280 464 2352 tentio
486 2276 548 2349 vel
566 2276 676 2350 hilum
696 2274 920 2370 profecerit:
955 2277 1018 2352 nili
1036 2292 1156 2352 tamen
1176 2278 1282 2370 ipsius
1301 2282 1413 2356 etiam

297 2429 299 2440 «
344 2375 475 2451 Christi
495 2397 572 2450 non
593 2373 707 2449 modo
724 2373 889 2450 nascendi
913 2378 1116 2469 rationem,
1150 2376 1207 2450 sod
1236 2380 1415 2472 quidquid

343 2490 519 2572 praeterea
535 2478 596 2548 vel
613 2475 748 2570 egerit,
776 2476 835 2547 vel
851 2478 995 2569 tulerit,
1021 2477 1060 2550 in
1081 2478 1240 2553 eamdem
1256 2499 1413 2555 conver·

344 2576 454 2650 bonis
469 2574 641 2648 astrorum
650 2574 1055 2669 neceffitatemprojetta
1068 2577 1250 2667 hominum
1260 2580 1413 2662 illorum

344 2675 527 2750 temeritas
541 2675 708 2771 illigabit:
734 2674 883 2767 perinde
892 2676 1082 2770 videlicet,
1105 2680 1239 2770 quafiia
1255 2675 1413 2773 ab'syde-

345 2775 443 2848 ribus
457 2777 534 2850 vim
545 2777 640 2848 illam
652 2795 773 2850 rerum
786 2775 1060 2855 admirabilium,
1080 2798 1156 2850 non
1169 2799 1188 2848 a
1201 2777 1308 2866 Deo,
1326 2800 1415 2854 cnm.

347 2874 558 2966 uotumque
573 2889 721 2968 parente
735 2876 927 2969 acceperit.
966 2874 1077 2968 Cujus
1094 2898 1138 2948 er
1158 2881 1333 2953 orationis
1348 2880 1415 2954 im·

345 2974 482 3068 pietate
495 2975 583 3047 illud
596 2973 775 3067 sequitur,
798 2988 840 3047 ut
852 2989 1037 3067 quotquot
1049 2975 1207 3050 divinam
1220 2969 1327 3054 fidem
1342 3000 1413 3055 am·

297 3075 301 3092 '
346 3071 572 3169 pledtuntur,
586 3074 734 3164 adillam
743 3073 907 3166 syderum
917 3097 1041 3149 omnes
1054 3077 1416 3172 impulsionerapian·

347 3187 417 3250 tur.
451 3170 533 3270 Ego
547 3193 641 3247 vero
652 3172 842 3267 quaesrerim
857 3197 902 3248 ex
917 3177 958 3246 iis
974 3175 1213 3269 perlibenter,
1240 3177 1326 3267 quid
1337 3192 1416 3253 tan·

300 3343 304 3368 ,
347 3273 432 3348 dem.
441 3272 584 3347 recatus
596 3273 664 3348 bac
676 3275 713 3346 in
722 3274 845 3348 mundi
853 3273 1155 3349 molitioneDeus
1167 3273 1299 3370 fuerit,
1314 3291 1357 3351 ut
1367 3297 1417 3354 ex

299 3375 302 3384 '
347 3373 581 3466 mirorum,
591 3374 653 3464 qui
665 3375 703 3447 in
715 3394 761 3446 eo
772 3373 1170 3470 deguntmultitudine,
1179 3376 1417 3454 aliinnllasua
1460 3375 1472 3406 '

297 3481 301 3564 ¹.
346 3475 452 3566 culpa
465 3472 648 3546 muliebris
666 3476 809 3547 veneris
823 3474 1081 3568 turpitudinem
1100 3475 1331 3568 paterentur;
1356 3477 1417 3552 alii

297 3577 304 3654 ,³
346 3571 468 3646 ferino
492 3572 598 3666 plane
620 3572 716 3665 ritu,
743 3571 843 3664 quod
860 3575 949 3648 tales
971 3570 1067 3666 ipsos
1083 3571 1241 3648 efficeret
1258 3573 1417 3654 univero

297 3733 299 3744 Α
345 3669 444 3746 hunc
467 3671 506 3744 in
521 3671 703 3747 moduma
720 3670 805 3745 Deo
830 3669 1016 3746 constituti
1032 3675 1186 3767 impetus
1205 3689 1312 3766 atque
1326 3697 1416 3750 coo«

297 3781 299 3798 l

297 4017 304 4114 7
345 3991 452 4065 quam
463 3971 548 4070 quid
560 3975 692 4047 attinet
702 3971 947 4054 bancanobis
967 3972 1012 4046 de
1032 3975 1142 4058 rebus
1163 3977 1234 4072 iis,
1259 3976 1416 4084 quaevel

297 4127 303 4182 ι

345 3771 486 3850 verbo,
519 3771 712 3846 teterrimis
735 3766 826 3863 sese,
863 3772 1100 3865 diriffimilirue
1116 3770 1336 3868 sceleribus,
1372 3789 1418 3852 ut

344 3867 549 3948 homicidiis
559 3893 601 3946 ac
614 3871 772 3966 piraticis
783 3872 1063 3966 predationibus
1073 3872 1260 3950 dederent
1281 3878 1418 3975 Quam·

1247 4075 1367 4162 beoti-
