<?xml version="1.0" encoding="UTF-8"?>
<!DOCTYPE html PUBLIC "-//W3C//DTD XHTML 1.0 Transitional//EN"
    "http://www.w3.org/TR/xhtml1/DTD/xhtml1-transitional.dtd">
<html xmlns="http://www.w3.org/1999/xhtml" xml:lang="en" lang="en">
 <head>
  <title>
</title>
<meta http-equiv="Content-Type" content="text/html;charset=utf-8" />
  <meta name='ocr-system' content='tesseract 3.04.00' />
  <meta name='ocr-capabilities' content='ocr_page ocr_carea ocr_par ocr_line ocrx_word'/>
</head>
<body>
  <div class='ocr_page' id='page_1' title='image "./operaomniasanct02unkngoog_0366.png"; bbox 0 0 3417 4692; ppageno 0'>
   <div class='ocr_carea' id='block_1_1' title="bbox 268 337 1094 456">
    <p class='ocr_par' dir='ltr' id='par_1_1' title="bbox 268 337 1094 456">
     <span class='ocr_line' id='line_1_1' title="bbox 268 337 1094 456; baseline 0.002 -20"><span class='ocrx_word' id='word_1_1' title='bbox 268 401 270 408; x_wconf 88' lang='lat'>-</span> <span class='ocrx_word' id='word_1_2' title='bbox 363 337 491 456; x_wconf 61' lang='grc' dir='ltr'><strong>,μ’</strong></span> <span class='ocrx_word' id='word_1_3' title='bbox 573 347 1094 438; x_wconf 67' lang='lat' dir='ltr'><strong>‘&#39;oarouurs</strong></span> 
     </span>
    </p>
   </div>
   <div class='ocr_carea' id='block_1_2' title="bbox 360 520 1419 721">
    <p class='ocr_par' dir='ltr' id='par_1_2' title="bbox 360 520 1419 721">
     <span class='ocr_line' id='line_1_2' title="bbox 360 520 1419 621; baseline 0.002 -22"><span class='ocrx_word' id='word_1_4' title='bbox 360 541 615 614; x_wconf 86' lang='lat' dir='ltr'><strong>nonnunquam</strong></span> <span class='ocrx_word' id='word_1_5' title='bbox 634 520 788 596; x_wconf 89' lang='lat' dir='ltr'><strong>indicata</strong></span> <span class='ocrx_word' id='word_1_6' title='bbox 809 523 978 619; x_wconf 87' lang='lat' dir='ltr'><strong>fuerant,</strong></span> <span class='ocrx_word' id='word_1_7' title='bbox 1010 521 1243 621; x_wconf 80' lang='lat' dir='ltr'><strong>presenfisl&#39;e,</strong></span> <span class='ocrx_word' id='word_1_8' title='bbox 1274 523 1310 602; x_wconf 78' lang='lat' dir='ltr'><strong>dr</strong></span> <span class='ocrx_word' id='word_1_9' title='bbox 1332 525 1419 601; x_wconf 90' lang='lat' dir='ltr'><strong>inde</strong></span> 
     </span>
     <span class='ocr_line' id='line_1_3' title="bbox 360 621 1416 721; baseline 0.002 -21"><span class='ocrx_word' id='word_1_10' title='bbox 360 623 471 715; x_wconf 89' lang='lat' dir='ltr'><strong>scire,</strong></span> <span class='ocrx_word' id='word_1_11' title='bbox 498 621 594 715; x_wconf 86' lang='lat' dir='ltr'><strong>quod</strong></span> <span class='ocrx_word' id='word_1_12' title='bbox 606 621 668 696; x_wconf 89' lang='lat' dir='ltr'><strong>fibi</strong></span> <span class='ocrx_word' id='word_1_13' title='bbox 687 623 866 698; x_wconf 88' lang='lat' dir='ltr'><strong>immineat</strong></span> <span class='ocrx_word' id='word_1_14' title='bbox 879 626 1023 701; x_wconf 89' lang='lat' dir='ltr'><strong>bellum.</strong></span> <span class='ocrx_word' id='word_1_15' title='bbox 1076 624 1192 701; x_wconf 87' lang='lat' dir='ltr'><strong>Sentit</strong></span> <span class='ocrx_word' id='word_1_16' title='bbox 1204 639 1416 721; x_wconf 88' lang='lat' dir='ltr'><strong>venturum,</strong></span> 
     </span>
    </p>
   </div>
   <div class='ocr_carea' id='block_1_3' title="bbox 357 723 1428 4196">
    <p class='ocr_par' dir='ltr' id='par_1_3' title="bbox 357 723 1428 4196">
     <span class='ocr_line' id='line_1_4' title="bbox 363 723 1419 820; baseline 0.001 -24"><span class='ocrx_word' id='word_1_17' title='bbox 363 726 423 820; x_wconf 91' lang='lat' dir='ltr'><strong>qui</strong></span> <span class='ocrx_word' id='word_1_18' title='bbox 439 738 547 797; x_wconf 79' lang='lat' dir='ltr'><strong>exuat</strong></span> <span class='ocrx_word' id='word_1_19' title='bbox 563 725 782 816; x_wconf 78' lang='lat' dir='ltr'><strong>principatus</strong></span> <span class='ocrx_word' id='word_1_20' title='bbox 799 726 875 817; x_wconf 90' lang='lat' dir='ltr'><strong>ejus</strong></span> <span class='ocrx_word' id='word_1_21' title='bbox 892 726 925 800; x_wconf 80' lang='lat' dir='ltr'><strong>u</strong></span> <span class='ocrx_word' id='word_1_22' title='bbox 942 723 1160 820; x_wconf 86' lang='lat' dir='ltr'><strong>potestates,</strong></span> <span class='ocrx_word' id='word_1_23' title='bbox 1187 727 1313 802; x_wconf 86' lang='lat' dir='ltr'><strong>&amp;cum</strong></span> <span class='ocrx_word' id='word_1_24' title='bbox 1326 724 1419 800; x_wconf 86' lang='lat' dir='ltr'><strong>fidu-</strong></span> 
     </span>
     <span class='ocr_line' id='line_1_5' title="bbox 363 821 1419 922; baseline 0.001 -24"><span class='ocrx_word' id='word_1_25' title='bbox 363 826 418 898; x_wconf 85' lang='lat' dir='ltr'><strong>cia</strong></span> <span class='ocrx_word' id='word_1_26' title='bbox 437 824 633 918; x_wconf 86' lang='lat' dir='ltr'>triumphet</span> <span class='ocrx_word' id='word_1_27' title='bbox 649 844 744 917; x_wconf 87' lang='lat' dir='ltr'><strong>eos,</strong></span> <span class='ocrx_word' id='word_1_28' title='bbox 764 821 928 920; x_wconf 85' lang='lat' dir='ltr'><strong>&amp;affigat</strong></span> <span class='ocrx_word' id='word_1_29' title='bbox 940 827 976 898; x_wconf 90' lang='lat' dir='ltr'><strong>in</strong></span> <span class='ocrx_word' id='word_1_30' title='bbox 993 827 1092 922; x_wconf 82' lang='lat' dir='ltr'><strong>ligno</strong></span> <span class='ocrx_word' id='word_1_31' title='bbox 1110 828 1224 899; x_wconf 88' lang='lat' dir='ltr'><strong>crucis</strong></span> <span class='ocrx_word' id='word_1_32' title='bbox 1239 825 1317 901; x_wconf 81' lang='lat' dir='ltr'><strong>sue.</strong></span> <span class='ocrx_word' id='word_1_33' title='bbox 1349 824 1419 922; x_wconf 84' lang='lat' dir='ltr'><strong>lgi-</strong></span> 
     </span>
     <span class='ocr_line' id='line_1_6' title="bbox 360 922 1419 1020; baseline -0.002 -22"><span class='ocrx_word' id='word_1_34' title='bbox 360 937 421 998; x_wconf 86' lang='lat' dir='ltr'><strong>tur</strong></span> <span class='ocrx_word' id='word_1_35' title='bbox 440 936 646 1020; x_wconf 85' lang='lat' dir='ltr'><strong>convocata</strong></span> <span class='ocrx_word' id='word_1_36' title='bbox 669 923 768 996; x_wconf 90' lang='lat' dir='ltr'><strong>omni</strong></span> <span class='ocrx_word' id='word_1_37' title='bbox 782 938 890 1020; x_wconf 86' lang='lat' dir='ltr'><strong>gente</strong></span> <span class='ocrx_word' id='word_1_38' title='bbox 908 922 966 998; x_wconf 89' lang='lat' dir='ltr'><strong>sua</strong></span> <span class='ocrx_word' id='word_1_39' title='bbox 986 925 1268 1018; x_wconf 91' lang='lat' dir='ltr'><strong>circumvenire,</strong></span> <span class='ocrx_word' id='word_1_40' title='bbox 1296 925 1330 997; x_wconf 82' lang='lat' dir='ltr'><strong>dc</strong></span> <span class='ocrx_word' id='word_1_41' title='bbox 1350 927 1419 997; x_wconf 91' lang='lat' dir='ltr'><strong>cir-</strong></span> 
     </span>
     <span class='ocr_line' id='line_1_7' title="bbox 362 1020 1417 1118; baseline -0.002 -20"><span class='ocrx_word' id='word_1_42' title='bbox 362 1020 597 1098; x_wconf 84' lang='lat' dir='ltr'><strong>cumscribere</strong></span> <span class='ocrx_word' id='word_1_43' title='bbox 613 1023 713 1115; x_wconf 91' lang='lat' dir='ltr'><strong>cupit</strong></span> <span class='ocrx_word' id='word_1_44' title='bbox 725 1024 762 1096; x_wconf 92' lang='lat' dir='ltr'><strong>in</strong></span> <span class='ocrx_word' id='word_1_45' title='bbox 781 1022 984 1098; x_wconf 88' lang='lat' dir='ltr'><strong>hominihus</strong></span> <span class='ocrx_word' id='word_1_46' title='bbox 1002 1027 1250 1101; x_wconf 84' lang='lat' dir='ltr'><strong>rationabilem</strong></span> <span class='ocrx_word' id='word_1_47' title='bbox 1266 1022 1417 1118; x_wconf 91' lang='lat' dir='ltr'><strong>sensum,</strong></span> 
     </span>
     <span class='ocr_line' id='line_1_8' title="bbox 363 1121 1419 1222; baseline 0.001 -25"><span class='ocrx_word' id='word_1_48' title='bbox 363 1126 423 1222; x_wconf 88' lang='lat' dir='ltr'><strong>qui</strong></span> <span class='ocrx_word' id='word_1_49' title='bbox 439 1143 535 1196; x_wconf 91' lang='lat' dir='ltr'><strong>nunc</strong></span> <span class='ocrx_word' id='word_1_50' title='bbox 551 1121 745 1219; x_wconf 86' lang='lat' dir='ltr'><strong>figuraliter</strong></span> <span class='ocrx_word' id='word_1_51' title='bbox 754 1122 884 1196; x_wconf 89' lang='lat' dir='ltr'><strong>dicitur</strong></span> <span class='ocrx_word' id='word_1_52' title='bbox 896 1123 1019 1199; x_wconf 89' lang='lat' dir='ltr'><strong>Israel:</strong></span> <span class='ocrx_word' id='word_1_53' title='bbox 1046 1124 1173 1198; x_wconf 84' lang='lat' dir='ltr'><strong>&amp;ideo</strong></span> <span class='ocrx_word' id='word_1_54' title='bbox 1189 1125 1351 1222; x_wconf 78' lang='lat' dir='ltr'><strong>prefecit</strong></span> <span class='ocrx_word' id='word_1_55' title='bbox 1364 1125 1419 1198; x_wconf 86' lang='lat' dir='ltr'><strong>eis</strong></span> 
     </span>
     <span class='ocr_line' id='line_1_9' title="bbox 361 1222 1419 1322; baseline -0.006 -20"><span class='ocrx_word' id='word_1_56' title='bbox 361 1222 544 1321; x_wconf 86' lang='lat' dir='ltr'><strong>magistros</strong></span> <span class='ocrx_word' id='word_1_57' title='bbox 561 1243 737 1319; x_wconf 92' lang='lat' dir='ltr'><strong>operum,</strong></span> <span class='ocrx_word' id='word_1_58' title='bbox 763 1224 822 1317; x_wconf 89' lang='lat' dir='ltr'><strong>qui</strong></span> <span class='ocrx_word' id='word_1_59' title='bbox 840 1243 905 1297; x_wconf 87' lang='lat' dir='ltr'><strong>eos</strong></span> <span class='ocrx_word' id='word_1_60' title='bbox 922 1239 1055 1322; x_wconf 84' lang='lat' dir='ltr'><strong>cogant</strong></span> <span class='ocrx_word' id='word_1_61' title='bbox 1072 1224 1204 1299; x_wconf 85' lang='lat' dir='ltr'>discere</span> <span class='ocrx_word' id='word_1_62' title='bbox 1217 1245 1329 1320; x_wconf 90' lang='lat' dir='ltr'><strong>opera</strong></span> <span class='ocrx_word' id='word_1_63' title='bbox 1341 1243 1419 1297; x_wconf 90' lang='lat' dir='ltr'><strong>car·</strong></span> 
     </span>
     <span class='ocr_line' id='line_1_10' title="bbox 361 1320 1428 1420; baseline -0.006 -19"><span class='ocrx_word' id='word_1_64' title='bbox 361 1325 438 1417; x_wconf 84' lang='lat' dir='ltr'><strong>nis,</strong></span> <span class='ocrx_word' id='word_1_65' title='bbox 463 1323 551 1397; x_wconf 88' lang='lat' dir='ltr'><strong>licut</strong></span> <span class='ocrx_word' id='word_1_66' title='bbox 570 1323 654 1396; x_wconf 89' lang='lat' dir='ltr'><strong>&amp;in</strong></span> <span class='ocrx_word' id='word_1_67' title='bbox 669 1320 809 1398; x_wconf 89' lang='lat' dir='ltr'><strong>Psalmis</strong></span> <span class='ocrx_word' id='word_1_68' title='bbox 827 1323 931 1398; x_wconf 84' lang='lat' dir='ltr'><strong>dicit:</strong></span> <span class='ocrx_word' id='word_1_69' title='bbox 958 1328 1007 1398; x_wconf 84' lang='lat' dir='ltr'><strong>Er</strong></span> <span class='ocrx_word' id='word_1_70' title='bbox 1025 1327 1162 1396; x_wconf 77' lang='lat' dir='ltr'><strong>admixti</strong></span> <span class='ocrx_word' id='word_1_71' title='bbox 1174 1331 1257 1414; x_wconf 71' lang='lat' dir='ltr'><strong>sunt</strong></span> <span class='ocrx_word' id='word_1_72' title='bbox 1268 1325 1428 1420; x_wconf 70' lang='lat' dir='ltr'><strong>genum</strong></span> 
     </span>
     <span class='ocr_line' id='line_1_11' title="bbox 361 1421 1421 1521; baseline 0.002 -27"><span class='ocrx_word' id='word_1_73' title='bbox 361 1426 598 1504; x_wconf 69' lang='lat' dir='ltr'><strong>&amp;didicerunt</strong></span> <span class='ocrx_word' id='word_1_74' title='bbox 619 1444 709 1521; x_wconf 81' lang='lat' dir='ltr'><strong>opero</strong></span> <span class='ocrx_word' id='word_1_75' title='bbox 731 1447 844 1495; x_wconf 81' lang='lat' dir='ltr'><strong>eorum.</strong></span> <span class='ocrx_word' id='word_1_76' title='bbox 897 1423 1021 1499; x_wconf 85' lang='lat' dir='ltr'><strong>Docet</strong></span> <span class='ocrx_word' id='word_1_77' title='bbox 1036 1444 1100 1498; x_wconf 82' lang='lat' dir='ltr'><strong>eos</strong></span> <span class='ocrx_word' id='word_1_78' title='bbox 1122 1426 1287 1501; x_wconf 82' lang='lat' dir='ltr'><strong>civitates</strong></span> <span class='ocrx_word' id='word_1_79' title='bbox 1310 1421 1421 1497; x_wconf 87' lang='lat' dir='ltr'><strong>aedifi-</strong></span> 
     </span>
     <span class='ocr_line' id='line_1_12' title="bbox 363 1519 1420 1621; baseline -0.002 -21"><span class='ocrx_word' id='word_1_80' title='bbox 363 1545 446 1600; x_wconf 89' lang='lat' dir='ltr'><strong>care</strong></span> <span class='ocrx_word' id='word_1_81' title='bbox 460 1521 659 1618; x_wconf 86' lang='lat' dir='ltr'><strong>Pharaoni,</strong></span> <span class='ocrx_word' id='word_1_82' title='bbox 684 1523 855 1619; x_wconf 91' lang='lat' dir='ltr'><strong>Phitom,</strong></span> <span class='ocrx_word' id='word_1_83' title='bbox 881 1545 958 1617; x_wconf 87' lang='lat' dir='ltr'><strong>quae</strong></span> <span class='ocrx_word' id='word_1_84' title='bbox 973 1525 1011 1598; x_wconf 90' lang='lat' dir='ltr'><strong>in</strong></span> <span class='ocrx_word' id='word_1_85' title='bbox 1027 1525 1148 1598; x_wconf 88' lang='lat' dir='ltr'><strong>nostra</strong></span> <span class='ocrx_word' id='word_1_86' title='bbox 1161 1519 1420 1621; x_wconf 81' lang='lat' dir='ltr'><strong>linguasrgnifi·</strong></span> 
     </span>
     <span class='ocr_line' id='line_1_13' title="bbox 364 1622 1419 1718; baseline -0.003 -19"><span class='ocrx_word' id='word_1_87' title='bbox 364 1640 423 1699; x_wconf 88' lang='lat' dir='ltr'><strong>cat</strong></span> <span class='ocrx_word' id='word_1_88' title='bbox 438 1643 482 1696; x_wconf 91' lang='lat' dir='ltr'><strong>os</strong></span> <span class='ocrx_word' id='word_1_89' title='bbox 503 1622 733 1718; x_wconf 65' lang='lat' dir='ltr'><strong>defessionis,</strong></span> <span class='ocrx_word' id='word_1_90' title='bbox 759 1627 822 1698; x_wconf 90' lang='lat' dir='ltr'><strong>vel</strong></span> <span class='ocrx_word' id='word_1_91' title='bbox 843 1646 886 1698; x_wconf 91' lang='lat' dir='ltr'><strong>os</strong></span> <span class='ocrx_word' id='word_1_92' title='bbox 910 1624 1038 1717; x_wconf 69' lang='lat' dir='ltr'><strong>abyslir</strong></span> <span class='ocrx_word' id='word_1_93' title='bbox 1065 1623 1310 1714; x_wconf 66' lang='lat' dir='ltr'><strong>tuameres,</strong></span> <span class='ocrx_word' id='word_1_94' title='bbox 1339 1644 1419 1714; x_wconf 83' lang='lat' dir='ltr'><strong>quae</strong></span> 
     </span>
     <span class='ocr_line' id='line_1_14' title="bbox 362 1721 1420 1820; baseline -0.001 -23"><span class='ocrx_word' id='word_1_95' title='bbox 362 1729 619 1820; x_wconf 86' lang='lat' dir='ltr'><strong>interpretatur</strong></span> <span class='ocrx_word' id='word_1_96' title='bbox 635 1726 835 1798; x_wconf 92' lang='lat' dir='ltr'><strong>commotio</strong></span> <span class='ocrx_word' id='word_1_97' title='bbox 850 1726 979 1814; x_wconf 81' lang='lat' dir='ltr'><strong>tineae3</strong></span> <span class='ocrx_word' id='word_1_98' title='bbox 1005 1721 1152 1816; x_wconf 90' lang='lat' dir='ltr'><strong>Ethon,</strong></span> <span class='ocrx_word' id='word_1_99' title='bbox 1176 1725 1213 1797; x_wconf 92' lang='lat' dir='ltr'><strong>id</strong></span> <span class='ocrx_word' id='word_1_100' title='bbox 1228 1723 1279 1797; x_wconf 91' lang='lat' dir='ltr'><strong>est</strong></span> <span class='ocrx_word' id='word_1_101' title='bbox 1292 1723 1420 1796; x_wconf 90' lang='lat' dir='ltr'><strong>Helio·</strong></span> 
     </span>
     <span class='ocr_line' id='line_1_15' title="bbox 361 1822 1418 1926; baseline -0.005 -27"><span class='ocrx_word' id='word_1_102' title='bbox 361 1827 477 1926; x_wconf 84' lang='lat' dir='ltr'><strong>polis,</strong></span> <span class='ocrx_word' id='word_1_103' title='bbox 504 1843 580 1915; x_wconf 83' lang='lat' dir='ltr'><strong>quae</strong></span> <span class='ocrx_word' id='word_1_104' title='bbox 597 1822 727 1897; x_wconf 91' lang='lat' dir='ltr'><strong>dicitur</strong></span> <span class='ocrx_word' id='word_1_105' title='bbox 745 1825 872 1898; x_wconf 90' lang='lat' dir='ltr'><strong>civitas</strong></span> <span class='ocrx_word' id='word_1_106' title='bbox 885 1823 980 1900; x_wconf 86' lang='lat' dir='ltr'><strong>solis.</strong></span> <span class='ocrx_word' id='word_1_107' title='bbox 1029 1825 1142 1898; x_wconf 89' lang='lat' dir='ltr'><strong>Vides</strong></span> <span class='ocrx_word' id='word_1_108' title='bbox 1163 1825 1282 1916; x_wconf 89' lang='lat' dir='ltr'><strong>quales</strong></span> <span class='ocrx_word' id='word_1_109' title='bbox 1294 1823 1355 1896; x_wconf 86' lang='lat' dir='ltr'><strong>fibi</strong></span> <span class='ocrx_word' id='word_1_110' title='bbox 1368 1824 1418 1894; x_wconf 92' lang='lat' dir='ltr'><strong>ci·</strong></span> 
     </span>
     <span class='ocr_line' id='line_1_16' title="bbox 361 1920 1420 2021; baseline -0.004 -21"><span class='ocrx_word' id='word_1_111' title='bbox 361 1927 494 2000; x_wconf 84' lang='lat' dir='ltr'><strong>vitares</strong></span> <span class='ocrx_word' id='word_1_112' title='bbox 512 1920 677 1997; x_wconf 80' lang='lat' dir='ltr'><strong>edificari</strong></span> <span class='ocrx_word' id='word_1_113' title='bbox 700 1925 860 2021; x_wconf 88' lang='lat' dir='ltr'><strong>praecipit</strong></span> <span class='ocrx_word' id='word_1_114' title='bbox 876 1924 1033 1999; x_wconf 73' lang='lat' dir='ltr'><strong>Pharao!</strong></span> <span class='ocrx_word' id='word_1_115' title='bbox 1059 1924 1137 2018; x_wconf 88' lang='lat' dir='ltr'><strong>Os,</strong></span> <span class='ocrx_word' id='word_1_116' title='bbox 1162 1925 1298 2018; x_wconf 89' lang='lat' dir='ltr'><strong>inquit,</strong></span> <span class='ocrx_word' id='word_1_117' title='bbox 1331 1920 1420 1996; x_wconf 86' lang='lat' dir='ltr'><strong>defi·</strong></span> 
     </span>
     <span class='ocr_line' id='line_1_17' title="bbox 365 2021 1419 2117; baseline -0.008 -16"><span class='ocrx_word' id='word_1_118' title='bbox 365 2028 484 2111; x_wconf 68' lang='lat' dir='ltr'><strong>ciensr</strong></span> <span class='ocrx_word' id='word_1_119' title='bbox 511 2021 634 2097; x_wconf 85' lang='lat' dir='ltr'><strong>deficit</strong></span> <span class='ocrx_word' id='word_1_120' title='bbox 647 2033 799 2116; x_wconf 90' lang='lat' dir='ltr'><strong>namque</strong></span> <span class='ocrx_word' id='word_1_121' title='bbox 818 2045 882 2117; x_wconf 86' lang='lat' dir='ltr'><strong>os,</strong></span> <span class='ocrx_word' id='word_1_122' title='bbox 909 2045 990 2098; x_wconf 90' lang='lat' dir='ltr'><strong>cum</strong></span> <span class='ocrx_word' id='word_1_123' title='bbox 1007 2023 1229 2098; x_wconf 86' lang='lat' dir='ltr'><strong>mendacium</strong></span> <span class='ocrx_word' id='word_1_124' title='bbox 1241 2025 1419 2115; x_wconf 91' lang='lat' dir='ltr'><strong>loquitur,</strong></span> 
     </span>
     <span class='ocr_line' id='line_1_18' title="bbox 364 2121 1420 2216; baseline -0.006 -14"><span class='ocrx_word' id='word_1_125' title='bbox 364 2125 398 2202; x_wconf 69' lang='grc' dir='ltr'>ἃ</span> <span class='ocrx_word' id='word_1_126' title='bbox 417 2146 437 2197; x_wconf 91' lang='lat' dir='ltr'><strong>a</strong></span> <span class='ocrx_word' id='word_1_127' title='bbox 455 2124 609 2196; x_wconf 89' lang='lat' dir='ltr'><strong>veritate</strong></span> <span class='ocrx_word' id='word_1_128' title='bbox 628 2124 903 2216; x_wconf 81' lang='lat' dir='ltr'><strong>probationibus</strong></span> <span class='ocrx_word' id='word_1_129' title='bbox 920 2121 1051 2198; x_wconf 85' lang='lat' dir='ltr'><strong>deficit.</strong></span> <span class='ocrx_word' id='word_1_130' title='bbox 1102 2123 1167 2198; x_wconf 91' lang='lat' dir='ltr'><strong>Ille</strong></span> <span class='ocrx_word' id='word_1_131' title='bbox 1181 2125 1275 2197; x_wconf 90' lang='lat' dir='ltr'><strong>enirn</strong></span> <span class='ocrx_word' id='word_1_132' title='bbox 1292 2124 1335 2194; x_wconf 90' lang='lat' dir='ltr'><strong>ab</strong></span> <span class='ocrx_word' id='word_1_133' title='bbox 1354 2122 1420 2196; x_wconf 88' lang='lat' dir='ltr'><strong>ini·</strong></span> 
     </span>
     <span class='ocr_line' id='line_1_19' title="bbox 364 2219 1422 2316; baseline -0.003 -19"><span class='ocrx_word' id='word_1_134' title='bbox 364 2226 419 2298; x_wconf 89' lang='lat' dir='ltr'><strong>tio</strong></span> <span class='ocrx_word' id='word_1_135' title='bbox 433 2223 584 2296; x_wconf 85' lang='lat' dir='ltr'><strong>mendax</strong></span> <span class='ocrx_word' id='word_1_136' title='bbox 606 2221 698 2316; x_wconf 89' lang='lat' dir='ltr'><strong>fuit,</strong></span> <span class='ocrx_word' id='word_1_137' title='bbox 724 2225 860 2298; x_wconf 85' lang='lat' dir='ltr'><strong>&amp;ideo</strong></span> <span class='ocrx_word' id='word_1_138' title='bbox 879 2224 967 2298; x_wconf 88' lang='lat' dir='ltr'><strong>tales</strong></span> <span class='ocrx_word' id='word_1_139' title='bbox 985 2224 1046 2296; x_wconf 80' lang='lat' dir='ltr'><strong>sibi</strong></span> <span class='ocrx_word' id='word_1_140' title='bbox 1068 2222 1234 2297; x_wconf 87' lang='lat' dir='ltr'><strong>civitates</strong></span> <span class='ocrx_word' id='word_1_141' title='bbox 1252 2219 1422 2296; x_wconf 81' lang='lat' dir='ltr'><strong>aedificari</strong></span> 
     </span>
     <span class='ocr_line' id='line_1_20' title="bbox 362 2322 1421 2418; baseline -0.008 -21"><span class='ocrx_word' id='word_1_142' title='bbox 362 2325 454 2399; x_wconf 86' lang='lat' dir='ltr'><strong>vult</strong></span> <span class='ocrx_word' id='word_1_143' title='bbox 504 2324 578 2397; x_wconf 92' lang='lat' dir='ltr'><strong>Vel</strong></span> <span class='ocrx_word' id='word_1_144' title='bbox 596 2322 703 2398; x_wconf 90' lang='lat' dir='ltr'><strong>etiam</strong></span> <span class='ocrx_word' id='word_1_145' title='bbox 717 2346 760 2397; x_wconf 87' lang='lat' dir='ltr'><strong>os</strong></span> <span class='ocrx_word' id='word_1_146' title='bbox 775 2323 903 2418; x_wconf 78' lang='lat' dir='ltr'><strong>abyssi,</strong></span> <span class='ocrx_word' id='word_1_147' title='bbox 929 2325 1011 2418; x_wconf 90' lang='lat' dir='ltr'><strong>quia</strong></span> <span class='ocrx_word' id='word_1_148' title='bbox 1026 2322 1165 2416; x_wconf 87' lang='lat' dir='ltr'><strong>abyssus</strong></span> <span class='ocrx_word' id='word_1_149' title='bbox 1183 2322 1421 2417; x_wconf 74' lang='lat' dir='ltr'><strong>perditionis,</strong></span> 
     </span>
     <span class='ocr_line' id='line_1_21' title="bbox 363 2421 1421 2516; baseline -0.002 -18"><span class='ocrx_word' id='word_1_150' title='bbox 363 2423 578 2498; x_wconf 82' lang='lat' dir='ltr'><strong>&amp;interitus</strong></span> <span class='ocrx_word' id='word_1_151' title='bbox 598 2421 649 2497; x_wconf 89' lang='lat' dir='ltr'><strong>est</strong></span> <span class='ocrx_word' id='word_1_152' title='bbox 668 2425 784 2501; x_wconf 89' lang='lat' dir='ltr'><strong>locus.</strong></span> <span class='ocrx_word' id='word_1_153' title='bbox 833 2422 883 2496; x_wconf 85' lang='lat' dir='ltr'><strong>Et</strong></span> <span class='ocrx_word' id='word_1_154' title='bbox 896 2425 963 2498; x_wconf 93' lang='lat' dir='ltr'><strong>alia</strong></span> <span class='ocrx_word' id='word_1_155' title='bbox 978 2424 1054 2516; x_wconf 89' lang='lat' dir='ltr'><strong>ejus</strong></span> <span class='ocrx_word' id='word_1_156' title='bbox 1072 2424 1200 2495; x_wconf 87' lang='lat' dir='ltr'><strong>civitas</strong></span> <span class='ocrx_word' id='word_1_157' title='bbox 1217 2421 1421 2497; x_wconf 89' lang='lat' dir='ltr'><strong>commotio</strong></span> 
     </span>
     <span class='ocr_line' id='line_1_22' title="bbox 362 2519 1422 2618; baseline -0.002 -20"><span class='ocrx_word' id='word_1_158' title='bbox 362 2524 468 2598; x_wconf 85' lang='lat' dir='ltr'><strong>tineae</strong></span> <span class='ocrx_word' id='word_1_159' title='bbox 481 2522 541 2599; x_wconf 89' lang='lat' dir='ltr'><strong>est.</strong></span> <span class='ocrx_word' id='word_1_160' title='bbox 570 2519 706 2597; x_wconf 89' lang='lat' dir='ltr'><strong>Omnes</strong></span> <span class='ocrx_word' id='word_1_161' title='bbox 718 2525 832 2618; x_wconf 91' lang='lat' dir='ltr'><strong>enim,</strong></span> <span class='ocrx_word' id='word_1_162' title='bbox 859 2525 919 2617; x_wconf 89' lang='lat' dir='ltr'><strong>qui</strong></span> <span class='ocrx_word' id='word_1_163' title='bbox 932 2544 1013 2598; x_wconf 89' lang='lat' dir='ltr'><strong>eum</strong></span> <span class='ocrx_word' id='word_1_164' title='bbox 1027 2523 1241 2617; x_wconf 88' lang='lat' dir='ltr'><strong>sequuntur,</strong></span> <span class='ocrx_word' id='word_1_165' title='bbox 1265 2522 1315 2598; x_wconf 90' lang='lat' dir='ltr'><strong>ibi</strong></span> <span class='ocrx_word' id='word_1_166' title='bbox 1331 2541 1422 2596; x_wconf 89' lang='lat' dir='ltr'><strong>con·</strong></span> 
     </span>
     <span class='ocr_line' id='line_1_23' title="bbox 364 2619 1424 2722; baseline -0.003 -25"><span class='ocrx_word' id='word_1_167' title='bbox 364 2636 512 2722; x_wconf 84' lang='lat' dir='ltr'><strong>gregant</strong></span> <span class='ocrx_word' id='word_1_168' title='bbox 531 2621 716 2697; x_wconf 86' lang='lat' dir='ltr'><strong>thesauros</strong></span> <span class='ocrx_word' id='word_1_169' title='bbox 729 2623 831 2717; x_wconf 90' lang='lat' dir='ltr'><strong>suos,</strong></span> <span class='ocrx_word' id='word_1_170' title='bbox 856 2624 919 2698; x_wconf 91' lang='lat' dir='ltr'><strong>ubi</strong></span> <span class='ocrx_word' id='word_1_171' title='bbox 933 2625 1030 2697; x_wconf 89' lang='lat' dir='ltr'><strong>tinea</strong></span> <span class='ocrx_word' id='word_1_172' title='bbox 1048 2625 1283 2712; x_wconf 85' lang='lat' dir='ltr'><strong>exterminat,</strong></span> <span class='ocrx_word' id='word_1_173' title='bbox 1310 2619 1424 2696; x_wconf 84' lang='lat' dir='ltr'><strong>&amp;ubi</strong></span> 
     </span>
     <span class='ocr_line' id='line_1_24' title="bbox 364 2717 1423 2801; baseline -0.005 0"><span class='ocrx_word' id='word_1_174' title='bbox 364 2725 461 2801; x_wconf 85' lang='lat' dir='ltr'><strong>fures</strong></span> <span class='ocrx_word' id='word_1_175' title='bbox 484 2719 663 2797; x_wconf 86' lang='lat' dir='ltr'><strong>effodiunt</strong></span> <span class='ocrx_word' id='word_1_176' title='bbox 685 2725 720 2798; x_wconf 79' lang='lat' dir='ltr'><strong>u</strong></span> <span class='ocrx_word' id='word_1_177' title='bbox 740 2722 913 2799; x_wconf 83' lang='lat' dir='ltr'><strong>furantur.</strong></span> <span class='ocrx_word' id='word_1_178' title='bbox 971 2723 1041 2797; x_wconf 87' lang='lat' dir='ltr'><strong>Sed</strong></span> <span class='ocrx_word' id='word_1_179' title='bbox 1069 2724 1101 2796; x_wconf 84' lang='lat' dir='ltr'><strong>dr</strong></span> <span class='ocrx_word' id='word_1_180' title='bbox 1127 2723 1312 2795; x_wconf 88' lang='lat' dir='ltr'><strong>civitatem</strong></span> <span class='ocrx_word' id='word_1_181' title='bbox 1336 2717 1423 2796; x_wconf 92' lang='lat' dir='ltr'><strong>solis</strong></span> 
     </span>
     <span class='ocr_line' id='line_1_25' title="bbox 363 2817 1422 2917; baseline -0.007 -17"><span class='ocrx_word' id='word_1_182' title='bbox 363 2820 543 2900; x_wconf 74' lang='lat' dir='ltr'><strong>edificant</strong></span> <span class='ocrx_word' id='word_1_183' title='bbox 566 2820 653 2896; x_wconf 87' lang='lat' dir='ltr'><strong>falso</strong></span> <span class='ocrx_word' id='word_1_184' title='bbox 682 2825 852 2916; x_wconf 87' lang='lat' dir='ltr'><strong>nomine,</strong></span> <span class='ocrx_word' id='word_1_185' title='bbox 890 2842 1033 2917; x_wconf 88' lang='lat' dir='ltr'><strong>pro-eo</strong></span> <span class='ocrx_word' id='word_1_186' title='bbox 1056 2821 1154 2915; x_wconf 91' lang='lat' dir='ltr'><strong>quod</strong></span> <span class='ocrx_word' id='word_1_187' title='bbox 1174 2823 1362 2896; x_wconf 90' lang='lat' dir='ltr'><strong>convertit</strong></span> <span class='ocrx_word' id='word_1_188' title='bbox 1384 2817 1422 2894; x_wconf 90' lang='lat' dir='ltr'><strong>se</strong></span> 
     </span>
     <span class='ocr_line' id='line_1_26' title="bbox 363 2920 1423 3020; baseline -0.01 -18"><span class='ocrx_word' id='word_1_189' title='bbox 363 2924 453 3002; x_wconf 83' lang='lat' dir='ltr'><strong>srcut</strong></span> <span class='ocrx_word' id='word_1_190' title='bbox 476 2920 636 3020; x_wconf 82' lang='lat' dir='ltr'><strong>Angelus</strong></span> <span class='ocrx_word' id='word_1_191' title='bbox 660 2924 760 3000; x_wconf 88' lang='lat' dir='ltr'><strong>lucis.</strong></span> <span class='ocrx_word' id='word_1_192' title='bbox 812 2924 855 2998; x_wconf 92' lang='lat' dir='ltr'><strong>In</strong></span> <span class='ocrx_word' id='word_1_193' title='bbox 881 2925 937 2998; x_wconf 90' lang='lat' dir='ltr'><strong>his</strong></span> <span class='ocrx_word' id='word_1_194' title='bbox 961 2943 1048 3020; x_wconf 86' lang='lat' dir='ltr'><strong>ergo</strong></span> <span class='ocrx_word' id='word_1_195' title='bbox 1074 2922 1269 3015; x_wconf 88' lang='lat' dir='ltr'><strong>praevenit,</strong></span> <span class='ocrx_word' id='word_1_196' title='bbox 1303 2923 1340 2992; x_wconf 91' lang='lat' dir='ltr'><strong>in</strong></span> <span class='ocrx_word' id='word_1_197' title='bbox 1365 2920 1423 2992; x_wconf 81' lang='lat' dir='ltr'><strong>his</strong></span> 
     </span>
     <span class='ocr_line' id='line_1_27' title="bbox 364 3020 1424 3117; baseline -0.006 -19"><span class='ocrx_word' id='word_1_198' title='bbox 364 3035 523 3117; x_wconf 89' lang='lat' dir='ltr'><strong>occupat</strong></span> <span class='ocrx_word' id='word_1_199' title='bbox 553 3037 721 3116; x_wconf 86' lang='lat' dir='ltr'><strong>mentes,</strong></span> <span class='ocrx_word' id='word_1_200' title='bbox 759 3045 835 3116; x_wconf 87' lang='lat' dir='ltr'><strong>quae</strong></span> <span class='ocrx_word' id='word_1_201' title='bbox 870 3023 1012 3097; x_wconf 90' lang='lat' dir='ltr'><strong>adhoc</strong></span> <span class='ocrx_word' id='word_1_202' title='bbox 1037 3021 1136 3096; x_wconf 74' lang='lat' dir='ltr'><strong>fattae</strong></span> <span class='ocrx_word' id='word_1_203' title='bbox 1161 3021 1267 3113; x_wconf 90' lang='lat' dir='ltr'><strong>sunt,</strong></span> <span class='ocrx_word' id='word_1_204' title='bbox 1300 3033 1342 3093; x_wconf 90' lang='lat' dir='ltr'><strong>ut</strong></span> <span class='ocrx_word' id='word_1_205' title='bbox 1368 3020 1424 3092; x_wconf 91' lang='lat' dir='ltr'><strong>vi-</strong></span> 
     </span>
     <span class='ocr_line' id='line_1_28' title="bbox 363 3121 1424 3220; baseline -0.007 -21"><span class='ocrx_word' id='word_1_206' title='bbox 363 3124 472 3199; x_wconf 85' lang='lat' dir='ltr'><strong>deant</strong></span> <span class='ocrx_word' id='word_1_207' title='bbox 498 3122 629 3199; x_wconf 88' lang='lat' dir='ltr'><strong>Deum.</strong></span> <span class='ocrx_word' id='word_1_208' title='bbox 692 3122 869 3220; x_wconf 88' lang='lat' dir='ltr'><strong>Prospicit</strong></span> <span class='ocrx_word' id='word_1_209' title='bbox 903 3137 1022 3196; x_wconf 89' lang='lat' dir='ltr'><strong>tamen</strong></span> <span class='ocrx_word' id='word_1_210' title='bbox 1045 3123 1229 3196; x_wconf 86' lang='lat' dir='ltr'><strong>imminere</strong></span> <span class='ocrx_word' id='word_1_211' title='bbox 1261 3121 1322 3194; x_wconf 79' lang='lat' dir='ltr'><strong>sibi</strong></span> <span class='ocrx_word' id='word_1_212' title='bbox 1348 3121 1424 3194; x_wconf 91' lang='lat' dir='ltr'><strong>bel·</strong></span> 
     </span>
     <span class='ocr_line' id='line_1_29' title="bbox 361 3219 1425 3321; baseline -0.007 -23"><span class='ocrx_word' id='word_1_213' title='bbox 361 3225 464 3319; x_wconf 90' lang='lat' dir='ltr'><strong>lum,</strong></span> <span class='ocrx_word' id='word_1_214' title='bbox 495 3222 530 3295; x_wconf 75' lang='lat' dir='ltr'><strong>u</strong></span> <span class='ocrx_word' id='word_1_215' title='bbox 559 3238 736 3299; x_wconf 88' lang='lat' dir='ltr'><strong>maturum</strong></span> <span class='ocrx_word' id='word_1_216' title='bbox 762 3226 860 3321; x_wconf 85' lang='lat' dir='ltr'><strong>genti</strong></span> <span class='ocrx_word' id='word_1_217' title='bbox 893 3221 961 3296; x_wconf 84' lang='lat' dir='ltr'><strong>suae</strong></span> <span class='ocrx_word' id='word_1_218' title='bbox 986 3222 1179 3296; x_wconf 86' lang='lat' dir='ltr'><strong>affuturum</strong></span> <span class='ocrx_word' id='word_1_219' title='bbox 1213 3219 1319 3292; x_wconf 80' lang='lat' dir='ltr'><strong>sentit</strong></span> <span class='ocrx_word' id='word_1_220' title='bbox 1350 3220 1425 3292; x_wconf 87' lang='lat' dir='ltr'><strong>exi-</strong></span> 
     </span>
     <span class='ocr_line' id='line_1_30' title="bbox 362 3318 1422 3421; baseline -0.001 -24"><span class='ocrx_word' id='word_1_221' title='bbox 362 3326 463 3397; x_wconf 87' lang='lat' dir='ltr'><strong>tium.</strong></span> <span class='ocrx_word' id='word_1_222' title='bbox 512 3321 602 3395; x_wconf 90' lang='lat' dir='ltr'><strong>Ideo</strong></span> <span class='ocrx_word' id='word_1_223' title='bbox 630 3324 717 3396; x_wconf 90' lang='lat' dir='ltr'><strong>dicit</strong></span> <span class='ocrx_word' id='word_1_224' title='bbox 745 3326 825 3417; x_wconf 90' lang='lat' dir='ltr'><strong>quia</strong></span> <span class='ocrx_word' id='word_1_225' title='bbox 850 3345 937 3421; x_wconf 84' lang='lat' dir='ltr'><strong>gens</strong></span> <span class='ocrx_word' id='word_1_226' title='bbox 963 3321 1069 3396; x_wconf 91' lang='lat' dir='ltr'><strong>lsrael</strong></span> <span class='ocrx_word' id='word_1_227' title='bbox 1094 3325 1193 3395; x_wconf 87' lang='lat' dir='ltr'><strong>valet</strong></span> <span class='ocrx_word' id='word_1_228' title='bbox 1216 3318 1422 3413; x_wconf 87' lang='lat' dir='ltr'><strong>supernos.</strong></span> 
     </span>
     <span class='ocr_line' id='line_1_31' title="bbox 362 3419 1423 3515; baseline -0.003 -19"><span class='ocrx_word' id='word_1_229' title='bbox 362 3419 511 3496; x_wconf 87' lang='lat' dir='ltr'><strong>Utinam</strong></span> <span class='ocrx_word' id='word_1_230' title='bbox 536 3420 571 3493; x_wconf 77' lang='lat' dir='ltr'><strong>dr</strong></span> <span class='ocrx_word' id='word_1_231' title='bbox 597 3423 641 3496; x_wconf 81' lang='lat' dir='ltr'><strong>&lt;le</strong></span> <span class='ocrx_word' id='word_1_232' title='bbox 667 3425 772 3498; x_wconf 90' lang='lat' dir='ltr'><strong>nobis</strong></span> <span class='ocrx_word' id='word_1_233' title='bbox 799 3426 871 3497; x_wconf 95' lang='lat' dir='ltr'><strong>hoc</strong></span> <span class='ocrx_word' id='word_1_234' title='bbox 898 3423 1016 3515; x_wconf 90' lang='lat' dir='ltr'><strong>dicat,</strong></span> <span class='ocrx_word' id='word_1_235' title='bbox 1051 3422 1179 3497; x_wconf 86' lang='lat' dir='ltr'><strong>sentiat</strong></span> <span class='ocrx_word' id='word_1_236' title='bbox 1201 3441 1271 3494; x_wconf 91' lang='lat' dir='ltr'><strong>nos</strong></span> <span class='ocrx_word' id='word_1_237' title='bbox 1297 3421 1423 3493; x_wconf 88' lang='lat' dir='ltr'><strong>valere</strong></span> 
     </span>
     <span class='ocr_line' id='line_1_32' title="bbox 361 3519 1424 3619; baseline -0.008 -20"><span class='ocrx_word' id='word_1_238' title='bbox 361 3519 466 3615; x_wconf 82' lang='lat' dir='ltr'><strong>super</strong></span> <span class='ocrx_word' id='word_1_239' title='bbox 491 3519 536 3595; x_wconf 89' lang='lat' dir='ltr'><strong>se.</strong></span> <span class='ocrx_word' id='word_1_240' title='bbox 588 3525 788 3619; x_wconf 87' lang='lat' dir='ltr'><strong>Quomodo</strong></span> <span class='ocrx_word' id='word_1_241' title='bbox 823 3523 952 3598; x_wconf 89' lang='lat' dir='ltr'><strong>sentire</strong></span> <span class='ocrx_word' id='word_1_242' title='bbox 984 3520 1244 3615; x_wconf 76' lang='lat' dir='ltr'><strong>hocpoteriti</strong></span> <span class='ocrx_word' id='word_1_243' title='bbox 1276 3519 1312 3592; x_wconf 88' lang='lat' dir='ltr'><strong>Si</strong></span> <span class='ocrx_word' id='word_1_244' title='bbox 1338 3542 1424 3604; x_wconf 85' lang='lat' dir='ltr'><strong>cum</strong></span> 
     </span>
     <span class='ocr_line' id='line_1_33' title="bbox 362 3619 1423 3718; baseline -0.007 -17"><span class='ocrx_word' id='word_1_245' title='bbox 362 3623 448 3701; x_wconf 86' lang='lat' dir='ltr'><strong>mihi</strong></span> <span class='ocrx_word' id='word_1_246' title='bbox 474 3622 713 3718; x_wconf 84' lang='lat' dir='ltr'><strong>cogitationes</strong></span> <span class='ocrx_word' id='word_1_247' title='bbox 740 3625 854 3716; x_wconf 88' lang='lat' dir='ltr'><strong>injicit</strong></span> <span class='ocrx_word' id='word_1_248' title='bbox 880 3626 1015 3716; x_wconf 89' lang='lat' dir='ltr'><strong>malas,</strong></span> <span class='ocrx_word' id='word_1_249' title='bbox 1055 3619 1423 3712; x_wconf 85' lang='lat' dir='ltr'><strong>&amp;concupiscentias</strong></span> 
     </span>
     <span class='ocr_line' id='line_1_34' title="bbox 362 3721 1424 3820; baseline -0.001 -25"><span class='ocrx_word' id='word_1_250' title='bbox 362 3722 548 3820; x_wconf 88' lang='lat' dir='ltr'><strong>peffimas,</strong></span> <span class='ocrx_word' id='word_1_251' title='bbox 582 3744 652 3818; x_wconf 87' lang='lat' dir='ltr'><strong>ego</strong></span> <span class='ocrx_word' id='word_1_252' title='bbox 675 3744 751 3796; x_wconf 89' lang='lat' dir='ltr'><strong>non</strong></span> <span class='ocrx_word' id='word_1_253' title='bbox 773 3723 975 3818; x_wconf 80' lang='lat' dir='ltr'><strong>suscipiam,</strong></span> <span class='ocrx_word' id='word_1_254' title='bbox 1000 3721 1060 3797; x_wconf 90' lang='lat' dir='ltr'><strong>sed</strong></span> <span class='ocrx_word' id='word_1_255' title='bbox 1078 3723 1196 3816; x_wconf 88' lang='lat' dir='ltr'><strong>jacula</strong></span> <span class='ocrx_word' id='word_1_256' title='bbox 1216 3722 1291 3814; x_wconf 88' lang='lat' dir='ltr'><strong>ejus</strong></span> <span class='ocrx_word' id='word_1_257' title='bbox 1312 3721 1424 3816; x_wconf 77' lang='lat' dir='ltr'><strong>ignita</strong></span> 
     </span>
     <span class='ocr_line' id='line_1_35' title="bbox 362 3819 1424 3918; baseline -0.007 -19"><span class='ocrx_word' id='word_1_258' title='bbox 362 3821 465 3900; x_wconf 90' lang='lat' dir='ltr'><strong>scuto</strong></span> <span class='ocrx_word' id='word_1_259' title='bbox 485 3819 569 3896; x_wconf 85' lang='lat' dir='ltr'><strong>fidei</strong></span> <span class='ocrx_word' id='word_1_260' title='bbox 591 3825 781 3918; x_wconf 89' lang='lat' dir='ltr'><strong>repellam,</strong></span> <span class='ocrx_word' id='word_1_261' title='bbox 813 3825 893 3899; x_wconf 83' lang='lat' dir='ltr'><strong>sain</strong></span> <span class='ocrx_word' id='word_1_262' title='bbox 914 3825 1079 3898; x_wconf 88' lang='lat' dir='ltr'><strong>omnibus</strong></span> <span class='ocrx_word' id='word_1_263' title='bbox 1100 3843 1331 3914; x_wconf 84' lang='lat' dir='ltr'><strong>quecumque</strong></span> <span class='ocrx_word' id='word_1_264' title='bbox 1348 3820 1424 3918; x_wconf 86' lang='lat' dir='ltr'><strong>sug·</strong></span> 
     </span>
     <span class='ocr_line' id='line_1_36' title="bbox 360 3921 1424 4022; baseline -0.002 -26"><span class='ocrx_word' id='word_1_265' title='bbox 360 3923 454 4022; x_wconf 73' lang='lat' dir='ltr'><strong>gerit</strong></span> <span class='ocrx_word' id='word_1_266' title='bbox 478 3925 588 3999; x_wconf 85' lang='lat' dir='ltr'><strong>menti</strong></span> <span class='ocrx_word' id='word_1_267' title='bbox 611 3946 718 4018; x_wconf 89' lang='lat' dir='ltr'><strong>meae,</strong></span> <span class='ocrx_word' id='word_1_268' title='bbox 745 3946 816 4020; x_wconf 84' lang='lat' dir='ltr'><strong>ego</strong></span> <span class='ocrx_word' id='word_1_269' title='bbox 842 3945 981 4000; x_wconf 88' lang='lat' dir='ltr'><strong>memor</strong></span> <span class='ocrx_word' id='word_1_270' title='bbox 1004 3921 1133 3997; x_wconf 90' lang='lat' dir='ltr'><strong>Christi</strong></span> <span class='ocrx_word' id='word_1_271' title='bbox 1156 3922 1227 3996; x_wconf 89' lang='lat' dir='ltr'><strong>mei</strong></span> <span class='ocrx_word' id='word_1_272' title='bbox 1247 3921 1424 4014; x_wconf 90' lang='lat' dir='ltr'><strong>Domini,</strong></span> 
     </span>
     <span class='ocr_line' id='line_1_37' title="bbox 357 4022 1426 4124; baseline 0 -24"><span class='ocrx_word' id='word_1_273' title='bbox 357 4022 496 4104; x_wconf 78' lang='lat' dir='ltr'><strong>dicam</strong></span> <span class='ocrx_word' id='word_1_274' title='bbox 529 4025 867 4102; x_wconf 73' lang='lat' dir='ltr'><strong>Valererrosnana.</strong></span> <span class='ocrx_word' id='word_1_275' title='bbox 893 4023 1108 4124; x_wconf 74' lang='lat' dir='ltr'><strong>Scriptumefl</strong></span> <span class='ocrx_word' id='word_1_276' title='bbox 1121 4027 1226 4114; x_wconf 59' lang='lat' dir='ltr'><strong>,enim</strong></span> <span class='ocrx_word' id='word_1_277' title='bbox 1244 4026 1426 4100; x_wconf 72' lang='lat' dir='ltr'><strong>Drmiam</strong></span> 
     </span>
     <span class='ocr_line' id='line_1_38' title="bbox 1271 4126 1377 4196; baseline -0.009 -1"><span class='ocrx_word' id='word_1_278' title='bbox 1271 4126 1377 4196; x_wconf 78' lang='lat' dir='ltr'><strong>Deum</strong></span> 
     </span>
    </p>
   </div>
   <div class='ocr_carea' id='block_1_4' title="bbox 0 0 1714 4692">
    <p class='ocr_par' dir='ltr' id='par_1_4' title="bbox 0 0 1714 4692">
     <span class='ocr_line' id='line_1_39' title="bbox 0 0 1714 4692; baseline 0 0"><span class='ocrx_word' id='word_1_279' title='bbox 0 0 1714 4692; x_wconf 95' lang='lat' dir='ltr'><strong> </strong></span> 
     </span>
    </p>
   </div>
  </div>
 </body>
</html>
