3417 4692
566 351 1091 477 rnrxonun'
1269 417 1346 499 “9

288 571 352 633 tut
374 559 410 632 in
430 556 558 654 dente,
596 563 656 635 vel
680 582 812 656 manu,
848 561 910 634 vel
930 557 1033 654 pede.
1080 519 1349 636 Haec'au'terna
1446 601 1449 606 ·

286 659 393 732 nobis
410 658 501 732 dida
521 659 620 753 sunt,
648 661 835 735 ostendere
855 657 1092 752 volentibus,
1117 657 1216 751 quud
1232 659 1270 732 in
1290 672 1348 732 ut-

283 775 400 849 toque
426 760 512 831 loco
706 763 713 778 '
741 775 777 833 ta
808 759 918 852 sunt,
955 751 1092 840 edill'eri
1124 765 1209 832 non=
1236 755 1346 832 facile

288 871 430 948 queant.
487 856 546 951 Op
769 861 776 875 '
828 855 930 952 :pilus
949 855 1142 932 secundum
1163 856 1347 932 historiam
1405 911 1407 916 -

288 955 484 1050 discutere,
513 977 590 1048 quae
885 956 954 1050 src,
980 957 1149 1049 quoniam
1169 958 1229 1030 lex
1250 956 1348 1052 spirl-

287 1056 369 1127 talis
390 1055 460 1144 est,
486 1051 674 1148 spiritalem
690 1081 701 1131 1
890 1058 1084 1154 lligentianr
1100 1073 1269 1147 quaerere.

366 1176 398 1246 3.
424 1153 584 1248 Verum,
610 1173 781 1248 quantum
807 1178 826 1230 a
869 1154 1018 1250 praesens
1045 1151 1204 1248 spellat,
1239 1154 1348 1246 atlans

289 1245 361 1344 ipsa
382 1254 488 1325 nobis
514 1256 691 1349 allegoriae
707 1275 811 1349 pars,
829 1275 917 1354 ¹quaa
935 1254 1070 1350 semper
1091 1268 1216 1347 patere
1236 1253 1347 1328 latius

289 1348 402 1444 solet,
435 1354 471 1425 in
496 1352 676 1448 angustum
697 1356 850 1450 cogitur.
915 1349 1054 1427 Tanr'en
1076 1350 1208 1449 (prout
1229 1349 1352 1445 pollu-

287 1449 395 1547 mus)
421 1451 635 1541 quidnobis
662 1453 699 1526 in
721 1455 792 1526 hoc
817 1455 905 1527 loto
930 1455 1121 1543 videatur,
1156 1455 1349 1544 explanare

290 1549 517 1623 tentabiinus.
567 1550 790 1644 Frequenter
803 1553 977 1644 diximus,
1005 1550 1103 1643 quod
1117 1551 1155 1622 ln
1166 1548 1350 1643 scripturis

262 1649 423 1721 'eisdem
445 1651 655 1744 vocabulis,
682 1651 886 1741 eisdemque
909 1651 1058 1743 olliciis,
1089 1653 1248 1724 membra
1276 1647 1350 1720 ani·

287 1765 353 1821 nrae
378 1748 637 1843 nominentur,
672 1751 798 1844 quibus
821 1764 997 1842 utuntur,
1036 1749 1097 1822 vel
1122 1749 1348 1840 appellantur

292 1846 637 1937 corporismenrbra.
689 1850 803 1924 Verbi
815 1849 933 1940 causa,
960 1861 1001 1922 ut
1013 1868 1092 1921 curn
1108 1844 1255 1919 dicitur:
1288 1847 1349 1938 Vri

290 1948 342 2015 des
350 1945 501 2041 festucam
513 1952 549 2014 in
566 1949 648 2018 oculo
657 1945 783 2041 fratris
800 1953 870 2038 tui,
896 1945 934 2023 (5
953 1971 1013 2020 ecce
1029 1954 1066 2016 in
1077 1947 1161 2016 uculo
1177 1969 1229 2014 rua
1248 1946 1351 2015 trabes

288 2046 438 2141 subjacet.
491 2043 638 2121 Certum
659 2045 709 2121 est
723 2048 843 2130 enim‚··
863 2047 961 2140 quod
979 2057 1055 2119 non
1078 2039 1123 2120 de
1137 2043 1248 2118 oculo
1266 2063 1352 2117 cor·

287 2145 387 2238 poris
408 2145 524 2237 dicat,
550 2144 587 2217 in
608 2166 681 2238 quo
700 2151 817 2221 trabes
836 2143 976 2240 jaceat,
1003 2143 1061 2220 sed
1085 2143 1258 2219 deoculo
1277 2146 1350 2240 ani·¹

245 2287 258 2334 ,-
288 2264 365 2317 mae.
417 2240 567 2317 Etcum
588 2245 690 2321 dicit:
718 2251 787 2342 Qui
800 2248 896 2318 haber
913 2271 1005 2318 aures
1020 2246 1189 2332 audiendi,
1215 2249 1349 2330 audiar,
1403 2271 1406 2276 ·

292 2341 348 2433 ἀ,
371 2342 477 2435 Quam
489 2342 611 2439 speciest
621 2350 715 2440 pedes·
730 2347 1025 2440 evangelizantium
1037 2363 1156 2441 pacem.
1185 2341 1218 2414 &
1237 2343 1350 2416 multa

291 2437 347 2513 his
367 2441 496 2516 srmilia.
549 2443 636 2515 Haec
655 2460 775 2518 autem
792 2446 927 2517 idcirco
946 2445 1198 2537 pramisrnrus,
1233 2444 1284 2514 uti
1302 2459 1351 2513 ne

291 2538 395 2632 super
417 2541 658 2616 membrorum
678 2563 747 2616 nos
770 2538 1181 2615 vocabulis‘srmilitndo·
1203 2553 1352 2612 contur-

291 2637 366 2711 bet.
418 2637 496 2710 Sint
516 2659 604 2736 ergo
630 2642 702 2713 duo
726 2643 795 2714 viri
817 2639 900 2720 isti,
926 2637 985 2734 qui
1006 2639 1165 2736 litigant,
1194 2635 1266 2710 duo
1287 2629 1353 2710 dis·

293 2748 492 2831 putantes,
528 2737 627 2811 &de
655 2740 880 2836 dogmatibus
904 2738 967 2813 vei
989 2729 1238 2830 quaellionibt'ts
1263 2738 1365 2834 legio⁴

292 2833 411 2909 secum
437 2836 593 2911 invicem
618 2842 896 2944 conquirentes,
932 2834 1061 2928 &sut
1089 2835 1256 2932 Apostoli
1285 2833 1353 2907 ser·

293 2955 404 3008 anone
439 2934 626 3035 dicamus)
656 2940 812 3012 rixantes
847 2939 1170 3034 circa·verborum
1204 2951 1351 3030 pugnas.

294 3030 455 3106 Unde&
477 3034 568 3107 idem
598 3036 795 3130 Apostolus
823 3033 935 3110 sciens
959 3035 1054 3110 inter
1079 3033 1207 3119 fratres
1234 3031 1354 3126 hujus·

293 3130 395 3206 modi
415 3133 494 3205 lites
519 3134 726 3231 exsurgere,
752 3138 941 3232 precipit,
969 3133 1138 3208 dt'dicit:
1173 3136 1252 3232 Nl}
1278 3157 1352 3200 vrr-

295 3233 345 3303 br‘s
362 3237 571 3322 contendere,
596 3240 636 3307 ad
654 3233 747 3309 nihil
762 3245 848 3308 enim
869 3237 949 3308 urile
969 3233 1026 3332 efl,
1052 3234 1111 3332 urst
1130 3231 1354 3327 adfubverfie·

293 3353 366 3402 erem
388 3335 599 3408 audientium.
649 3333 700 3408 Et
726 3337 836 3411 alibi:
871 3337 1059 3432 Quaeflirner
1081 3331 1353 3426 autemlega'sdess

295 3436 388 3521 vita,
408 3435 508 3524 [ciem
527 3438 607 3531 quod
622 3452 777 3529 generant
798 3437 883 3508 litet.
935 3437 1071 3507 Servum
1086 3450 1189 3506 eurem
1208 3437 1272 3503 Dei
1287 3445 1354 3524 nort

297 3546 416 3628 oportet
440 3533 578 3627 litigare.
649 3537 744 3636 Quia
766 3551 852 3632 ergo
877 3529 930 3608 isti
960 3533 1077 3626 quiin
1102 3529 1353 3620 qtraestionibus

295 3629 464 3728 litigant,
496 3633 540 3706 ad
561 3627 826 3708 subversionem
857 3629 1073 3708 audientium
1098 3631 1267 3724 litigant,
1300 3626 1353 3728 id‘.

298 3730 399 3802 circo
424 3731 630 3826 percutiunt
654 3728 842 3808 mulierem·
864 3729 1125 3830 praegnantem,
1153 3729 1351 3820 &eliciunt

297 3826 473 3917 infantem
485 3831 582 3925 ejus,
610 3832 671 3906 vel
687 3829 880 3906 formatum
893 3829 986 3926 jam,
1012 3831 1071 3903 uel
1097 3823 1256 3901 nondum
1277 3822 1352 3898 for·

296 3941 441 4004 matun.
493 3925 626 4010 Mulier
648 3947 829 4029 praegnans
860 3929 990 4004 dicitur
1015 3932 1157 4018 anima,
1191 3945 1269 4019 quae
1288 3945 1354 3998 nu·

296 4047 363 4125 per
374 4027 445 4103 Dei
459 4031 629 4126 concepit
642 4034 804 4109 verbum.
830 4027 890 4106 De
904 4027 966 4105 tali
979 4025 1099 4105 autem
1107 4024 1355 4120 conceptione
1407 4065 1434 4100 ,t

349 4133 410 4205 Ori
425 4132 496 4204 enit
525 4126 613 4205 Tan.
643 4131 687 4208 V.
930 4123 961 4204 F
973 4124 995 4204 s
1117 4136 1120 4142 '
1219 4121 1305 4220 legi·
