3417 4692
480 335 1175 489 'scnecrnln'txo‘odnt
1238 492 1240 500 Ι
1301 425 1372 505 329

313 549 379 643 nen
399 568 527 676 comedet
544 596 582 640 cx
596 594 637 640 eo.
692 570 740 640 Ec
753 561 873 639 omnem
885 568 1055 664 cujuspiam
1069 566 1197 652 servum
1212 594 1246 639 ac
1264 574 1375 666 empti-

317 678 400 740 tium
411 672 618 751 circumcides,
631 668 670 744 Θ*
682 672 995 755 rumcomedct'cxem
1005 687 1081 740 non
1097 667 1236 741 exiiss'et*
1247 668 1373 765 ingens
1433 689 1437 696 “

314 771 375 842 illa
390 769 586 860 promiscua
606 770 799 842 multitudo
819 791 896 870 quae
913 791 959 841 ex
977 766 1140 863 AEgypto
1160 766 1290 869 egressa
1309 768 1369 843 est.

314 868 479 941 Retinuit
496 868 615 959 itaque
631 870 723 941 hanc
741 872 880 965 legem,
906 881 948 941 ut
967 868 1007 941 iis
1026 872 1085 959 qui
1105 868 1224 963 egredi
1240 866 1372 942 voluis·

316 966 416 1060 sent,
443 968 584 1040 daretur
601 969 667 1039 alia
682 972 751 1044 lex.
795 970 916 1064 Ecpcsl
931 990 1041 1063 pauca.
1078 968 1114 1040 Si
1127 969 1203 1041 haec
1217 967 1260 1040 ad
1274 988 1370 1041 men-

316 1081 392 1139 tem
416 1068 570 1140 nostram
595 1068 815 1158 reseramus,
852 1069 1008 1142 dicemus
1030 1068 1246 1140 vernaculos
1273 1065 1371 1159 esse,

283 1229 286 1233 .
319 1169 528 1261 congenitas
545 1169 650 1239 nobis
673 1190 713 1239 ac
734 1167 852 1241 nostra
867 1180 984 1262 partas
1004 1166 1171 1241 industria
1188 1166 1371 1259 scientias,
1404 1231 1407 1237 .
1474 1249 1477 1253 ¹

319 1267 445 1360 quibus
477 1289 497 1337 a
529 1270 728 1364 congenitis
760 1269 971 1340 notionibus
1004 1264 1092 1339 scire
1123 1266 1373 1359 atrspicamur3

318 1379 461 1458 emptos
482 1380 599 1439 autem
620 1368 762 1461 pretio,
786 1390 844 1439 eas
867 1388 944 1459 quae
961 1366 1050 1440 soris
1066 1388 1110 1440 ex
1128 1366 1287 1442 doctrina
1309 1385 1373 1457 per

310 1465 517 1559 disciplinas
542 1468 727 1540 accedunt.
780 1467 916 1540 Omnes
941 1488 1029 1561 ergo
1050 1467 1153 1558 jubet
1173 1466 1376 1538 circumcidi

300 1586 364 1649 ,ac
381 1565 562 1638 emundari
578 1579 653 1639 tum
669 1564 906 1657 vernaculos,
932 1579 1008 1638 tum
1025 1566 1218 1657 emptitios.
1253 1563 1377 1637 Nemo

321 1678 440 1737 autem
468 1665 661 1760 alienigena
687 1664 906 1739 assumendus
935 1664 1010 1760 est,
1050 1659 1243 1758 euJusmodi
1265 1664 1344 1736 sunt
1360 1657 1387 1756 ‚‘

267 1797 271 1823 ·
321 1765 382 1855 qui
403 1762 598 1836 doctrinam
613 1766 759 1837 alienam
778 1765 980 1844 admittunt.
1032 1762 1124 1837 Non
1141 1765 1234 1838 enim
1251 1765 1376 1859 recipi·

320 1876 380 1935 tur
398 1864 624 1958 alienigena,
653 1866 710 1957 qui
734 1863 882 1938 Domini
909 1865 1168 1939 solemnitatem
1192 1864 1274 1935 vult
1297 1864 1377 1957 pol-

321 1965 432 2041 luere.
489 1963 535 2033 Et
548 1964 607 2059 pcfl
624 1985 731 2060 peuce.
781 1962 817 2036 Si
844 1964 938 2037 enirn
962 1964 1033 2037 Dei
1054 1961 1233 2037 sermones
1250 1965 1286 2037 in
1308 1962 1377 2035 Ec-

323 2062 425 2135 clesra
438 2062 625 2154 comedis,
652 2079 759 2157 atque
784 2064 890 2138 etiam
912 2065 949 2136 in
971 2063 1173 2158 Judaeorum
1198 2063 1377 2161 synagoga

323 2161 512 2280 comedisg
528 2159 776 2260 transgrederis
795 2165 998 2237 mandatum
1014 2163 1111 2255 quod
1129 2164 1232 2237 dicit:
1260 2170 1296 2235 in
1310 2189 1378 2236 una

323 2263 407 2335 dome
433 2264 612 2337 comedetur.
662 2264 722 2335 Sin
754 2263 823 2336 Dei
856 2263 1036 2337 sermones
1065 2263 1102 2335 in
1135 2284 1206 2336 una
1233 2263 1377 2356 d0m0,

310 2382 452 2455 ¹nempe
466 2362 622 2434 Ecclesia
635 2363 810 2457 percipis,
836 2377 982 2455 tumque
998 2385 1039 2434 ea
1053 2361 1193 2451 relidla,
1220 2364 1378 2455 opinaris
1480 2407 1482 2418 ·

289 2532 291 2538 .
313 2475 363 2554 ¹te
385 2462 456 2534 Dei
475 2463 690 2556 participem
714 2460 805 2533 effici
827 2462 866 2535 in
893 2463 1143 2536 hereticorum
1168 2460 1376 2558 synagoga,

325 2582 408 2633 curn
427 2560 487 2635 lex
505 2562 623 2633 dicat:
651 2568 687 2631 in
705 2586 771 2631 una
792 2562 875 2631 domo
895 2564 1085 2648 comedetur,
1110 2561 1147 2633 in
1167 2581 1238 2633 una
1265 2563 1377 2634 domo

323 2686 343 2733 r
351 2683 399 2732 on
417 2661 585 2735 comedis.
638 2662 755 2733 Unam
775 2662 895 2752 itaque
919 2662 1063 2733 domum
1079 2660 1237 2755 intellige
1253 2658 1378 2736 Eccle-

324 2761 345 2833 s
351 2783 407 2832 am
424 2759 455 2831 δι
472 2759 639 2852 nusquam
657 2772 758 2832 extra
775 2748 967 2839 Ecclesram
984 2781 1092 2833 ovem
1112 2760 1271 2833 comede.

384 2947 386 2952 Ι
405 2861 449 2930 Et
461 2884 527 2929 non
541 2862 675 2953 efferetis
695 2887 710 2951 e
727 2862 810 2932 domo
830 2860 864 2931 dc
885 2859 1031 2934 carnibus
1046 2856 1169 2953 focan]
1209 2856 1379 2933 Ecclesia·

325 2959 449 3036 sticum
465 2957 663 3035 sermonem
687 2974 788 3034 extra
801 2958 992 3034 Ecclesiam
1023 2959 1157 3034 docere
1177 2960 1379 3052 non-licet,

325 3062 381 3131 nti
397 3080 464 3131 nec
481 3074 582 3133 extra
598 3061 741 3133 domum
764 3081 887 3132 carnes
909 3057 1061 3132 efferre:
1087 3061 1124 3131 in
1147 3058 1377 3154 Judaeorum,

326 3163 490 3252 isquam,
517 3174 578 3231 aut
591 3161 840 3233 hereticorum
864 3158 1088 3256 synagogam.
1115 3157 1265 3233 Perinde
1286 3162 1379 3239 enirn
1407 3159 1412 3168 ’

327 3269 375 3332 esc
398 3280 439 3330 ac
462 3257 698 3356 simargaritae
718 3275 801 3331 ante
820 3281 953 3352 porcos
976 3259 1222 3352 projiciantur.

383 3362 517 3429 'Omnis
541 3359 771 3447 incircumcisus
802 3382 869 3429 non
892 3360 1023 3430 comedet
1045 3384 1084 3429 ex
1112 3356 1174 3452 cn]
1225 3356 1403 3438 Omnem
1444 3435 1448 3441 .

328 3458 433 3532 animi
450 3458 575 3544 foetum
594 3456 782 3558 spiritalem
793 3456 1015 3551 superantem
1030 3471 1173 3531 terrena
1202 3455 1303 3552 (sunt
1324 3484 1383 3534 au·

312 3559 403 3631 'rem
417 3572 559 3631 terrena
574 3559 759 3652 soeminea)
772 3559 1025 3632 circumcidere
1040 3571 1191 3651 oportet
1203 3578 1245 3629 ac
1262 3580 1383 3634 emun-

329 3658 434 3750 dare,
460 3671 501 3729 ut
514 3658 560 3730 s1c
577 3660 699 3750 aliquis
716 3655 887 3749 paschatis
906 3679 1027 3731 carnes
1047 3660 1229 3752 percipiat.
1282 3658 1385 3734 Sicut

330 3772 448 3831 autem
469 3759 657 3854 indigena,
689 3757 737 3829 fic
764 3755 797 3828 ἀ
820 3759 970 3833 advena.
1021 3756 1109 3832 Non
1134 3758 1229 3837 enim
1251 3757 1382 3835 semina

329 3859 481 3953 ingenua
503 3861 611 3950 pluris
635 3858 777 3933 aestimat
798 3855 924 3956 Deus,
947 3856 1005 3931 sed
1030 3858 1135 3934 animi
1160 3860 1385 3954 propositum
1473 3917 1484 3992 g

697 4160 1017 4277 ,Χς
1206 4154 1360 4254 ¹egger-
