3417 4692
433 353 440 367 ’
506 403 1204 498 spurca-niuaaunsma
1344 420 1389 512 εγ

325 567 420 641 tatio
445 567 632 642 hominum
653 591 673 640 a
684 570 881 660 juventute
905 560 1080 662 proclivis
1103 571 1146 644 ad
1161 570 1286 664 amala,
1312 593 1392 648 non

325 669 476 760 amplius
490 668 550 746 ¹ita
565 665 600 742 se
618 668 782 742 habuerit
801 669 968 743 omnibus
988 670 1136 762 diebus,
1163 670 1392 761 quemadmo-

325 765 411 840 dum
433 782 515 839 ante
532 768 716 843 diluvium.
767 767 924 842 Brevem
937 771 1030 842 enim
1045 768 1230 860 quamdam
1247 771 1393 847 veniam

322 865 527 964 Juvenibus
545 868 746 959 impertitur
766 868 815 939 ob
834 882 974 941 aetatem
989 867 1094 941 facile
1111 870 1266 946 labilem.
1294 872 1392 966 Quu-

323 980 480 1064 ptopter
507 991 570 1035 non
595 969 706 1038 addam
734 970 894 1064 amplius,
927 967 1071 1061 inquit,
1098 972 1279 1041 maledicere
1300 983 1393 1044 terre

320 1084 451 1163 propter
470 1088 559 1157 opera
580 1066 761 1155 hominum,
786 1067 934 1164 quoniam
951 1057 1103 1161 proeliaris
1117 1067 1156 1164 esi
1169 1074 1316 1164 cogitatio
1336 1071 1391 1142 ho·

323 1171 429 1236 minis
447 1161 567 1256 affidare
585 1168 624 1236 ad
643 1167 726 1264 meria
749 1195 769 1238 a
786 1172 974 1263 juventute.
1025 1165 1112 1239 Hoc
1137 1165 1214 1259 est,
1242 1170 1392 1261 praevidi

316 1263 553 1362 juventutem
569 1264 797 1358 posterorum
817 1265 923 1340 facile
939 1265 1082 1340 labilem
1100 1265 1195 1342 fore.
1228 1265 1287 1339 Ne
1301 1288 1390 1363 ergo

322 1363 527 1440 timueritis.
577 1363 777 1457 Propterea
810 1367 905 1443 eninr
928 1385 1006 1441 non
1041 1365 1192 1464 amplius
1225 1365 1391 1444 inducam

320 1463 435 1537 vobis
454 1466 656 1559 generalem
675 1466 872 1542 interitum.

400 1563 447 1634 Et
466 1568 555 1660 coepr't
568 1568 641 1638 Noe
658 1566 745 1634 homo
764 1566 915 1659 agricola,
941 1561 981 1644 (Ἰ
992 1562 1164 1659 plautavit
1178 1567 1323 1651 vineam,
1350 1559 1392 1644 U

316 1660 401 1761 ¹bibit
427 1667 560 1751 vinum,
595 1661 835 1741 &inebriatus
857 1663 924 1762 est,
960 1660 999 1739 (5
1022 1667 1164 1736 nudatus
1183 1664 1222 1760 efl
1244 1668 1281 1734 in
1308 1666 1391 1735 dama

314 1759 407 1857 sua]
434 1760 523 1834 Non
535 1778 692 1837 noverat
704 1763 880 1842 Noevini
894 1778 1078 1857 naturam,
1102 1765 1200 1856 quod
1216 1764 1389 1857 inebriat,

315 1859 439 2058 atqu}
472 1862 620 1938 testatur
657 1862 853 1962 scriptura*
872 1863 1019 1955 dicens,
1054 1868 1175 1962 coepit,
1210 1865 1249 1941 σ
1288 1865 1389 1935 nuda·

322 1975 377 2032 tus
401 1987 449 2034 a.

403 2057 583 2158 Ejusdem]
608 2061 745 2136 Vinum
760 2076 865 2137 terrae
879 2061 992 2137 nudat
1006 2071 1167 2135 mentem
1181 2057 1389 2154 spiritalium

322 2161 546 2255 cognitione.

399 2261 575 2357 Ejusdem]
600 2257 699 2332 Talis
716 2272 793 2333 erat
814 2256 947 2334 fruitus
968 2257 1052 2355 ligni
1075 2247 1229 2330 scientiar
1248 2258 1389 2338 boni&

321 2359 429 2447 mali,
448 2362 550 2449 quale
567 2372 644 2431 erat
665 2358 811 2444 vinum,
833 2359 931 2447 quod
945 2359 1096 2430 nudauit
1111 2356 1211 2433 Noe.

400 2455 584 2555 Ejusdem]
610 2456 682 2530 Etsi
704 2459 903 2530 inebriatus·
919 2456 953 2530 &
971 2459 1124 2529 nudatus
1143 2454 1194 2528 est
1213 2453 1325 2546 Noe,
1352 2468 1389 2527 at

314 2549 360 2632 ‘in
374 2554 488 2729 goma
502 2557 571 2634 sua.
604 2555 719 2632 Sanni
738 2559 832 2633 enim
850 2555 993 2634 estnon
1010 2571 1112 2632 extra
1129 2554 1276 2632 domum
1295 2553 1391 2632 suam

319 2675 372 2732 nu
399 2677 460 2732 al'l.

401 2758 467 2830 Hic
479 2772 550 2828 crat
561 2761 647 2850 gigas
660 2771 796 2826 venator
811 2769 890 2825 ante
908 2757 1079 2825 Dominum
1101 2745 1238 2841 Deum]
1267 2747 1390 2821 Vena·

316 2868 385 2952 ‘tor
398 2877 474 2928 non
491 2857 584 2929 inter
596 2856 709 2950 justos
725 2857 783 2929 hic
799 2854 966 2947 ponitur:
984 2854 1134 2946 invide,
1151 2870 1198 2924 ne
1213 2847 1311 2926 forte
1327 2870 1389 2946 ne·

323 2974 395 3046 que
417 2958 512 3029 alias.
584 2961 586 2966 '
1267 2949 1281 2956 ”

402 3058 448 3126 Et
467 3070 536 3125 erat
558 3058 660 3124 omnis
680 3070 767 3122 terra
784 3052 902 3122 labium
917 3072 1040 3136 unum,
1066 3048 1105 3125 U
1119 3075 1184 3130 uox
1198 3071 1267 3118 una
1286 3047 1391 3117 omni.

322 3149 412 3249 buu]
438 3152 483 3225 lis
504 3154 653 3246 quinon
673 3150 898 3245 intelligunt,
925 3147 1205 3242 quodscriptum
1228 3145 1299 3220 est:
1326 3147 1390 3244 Ego

315 3250 364 3329 'U
377 3270 468 3349 pater
490 3278 589 3323 unum
604 3253 730 3340 sumus,
763 3255 796 3323 &
819 3264 1013 3343 propterea
1035 3262 1169 3343 negant
1185 3245 1390 3340 hypostasin

304 3343 507 3448 ‘propriam
522 3349 604 3445 filii,
631 3350 818 3424 afferemus
832 3350 936 3422 iilud:
963 3364 1033 3417 erat
1048 3352 1153 3419 omnis
1168 3363 1254 3417 terra
1269 3348 1389 3415 laba-rm

321 3476 443 3543 unum,
467 3449 507 3527 ὅ
523 3478 589 3522 vox
605 3476 671 3522 una
692 3450 844 3521 omnibus.
898 3450 1109 3548 Quaerentes
1132 3459 1250 3518 autem
1274 3442 1389 3517 discri-

322 3573 408 3626 men
422 3552 504 3623 labii
523 3551 555 3622 &
572 3551 691 3641 vocis,
718 3551 875 3622 dicemus
890 3567 1023 3619 vocem
1040 3546 1082 3616 ad
1096 3544 1295 3619 sermonem
1311 3563 1388 3635 par·

322 3651 459 3740 tinere,
488 3650 585 3725 forte
600 3666 717 3724 autem
734 3649 866 3723 labium
881 3646 925 3719 ad
945 3647 1226 3740 cogitationem,
1254 3658 1315 3714 aut
1335 3641 1388 3714 vi·

313 3769 368 3823 'ce
387 3748 500 3823 versa.

406 3852 547 3935 llenite,
581 3843 621 3924 ὅ
640 3846 850 3935 descenderim
867 3843 1095 3935 confundamus
1117 3843 1160 3910 ibi
1180 3842 1322 3932 linguam
1342 3862 1388 3907 eo·

327 3971 417 4034 rum,
445 3963 562 4018 utnon
581 3947 693 4016 audiat
713 3945 920 4041 unusquisque
932 3946 1072 4038 linguam
1089 3935 1258 4035 proximi]
1283 3937 1389 4012 Mali·

325 4049 385 4124 tiae
400 4047 569 4122 indicium
590 4046 753 4120 confusio
774 4047 994 4140 linguarum,
1019 4042 1166 4118 virtutis
1188 4060 1282 4150 yero
1301 4037 1390 4144 indi·
