3417 4692
324 361 1121 478 ·010.··'oa1oanrs

379 563 477 643 tem,
495 543 562 640 ¹qui
574 543 767 620 secundum
778 544 871 620 isaac
883 546 1159 642 repromiffionis
1176 568 1214 621 es
1230 545 1350 641 filius,
1374 549 1441 622 bibe

380 675 480 748 aquus
494 655 530 718 rie
545 656 612 719 tuit
622 647 769 741 sontibus
784 647 822 723 ὕ
836 655 871 718 de
888 667 955 720 turs
964 657 1090 746 puteis:
1101 705 1104 716 .
1116 675 1204 745 aqua
1220 675 1288 719 nou
1303 646 1443 739 effluam

374 749 487 845 foras,
505 748 560 838 sed
582 754 727 818 intersim
751 754 820 819 tuis
839 755 953 843 plateis
980 765 1117 819 currant
1140 767 1204 820 tuae
1229 775 1325 846 aqua.
1376 749 1443 824 lile

374 870 494 939 uero,
522 847 581 938 qui
590 845 782 921 secundum
793 867 934 922 carnem
945 861 1050 920 natus
1069 845 1141 938 est,
1160 849 1204 921 de
1220 865 1301 920 utre
1315 870 1442 940 squam

380 950 495 1040 bibit„
511 949 543 1018 δι
557 967 646 1039 aqua
658 944 731 1041 ipsa
745 944 930 1042 deficitei,
952 947 1170 1020 &innuitis
1187 947 1320 1024 deficit.
1346 948 1441 1022 Uter

376 1049 468 1142 legis
488 1045 538 1120 est
553 1047 676 1140 litera,
703 1048 748 1120 de
767 1067 837 1140 qua
852 1049 912 1120 iiie
930 1050 1079 1142 carnaiis
1097 1053 1251 1140 populus
1269 1049 1391 1137 bibit‚'
1404 1047 1441 1120 br

373 1147 466 1221 inde
486 1147 704 1220 intellectum
729 1149 847 1240 capit:
882 1167 960 1240 quae
976 1146 1080 1222 litera
1098 1145 1307 1239 frequenter
1327 1150 1359 1220 ei
1381 1149 1443 1240 de·

380 1243 481 1339 ficit,
508 1248 734 1340 &explicare
750 1244 785 1319 se
804 1265 881 1320 non
897 1245 1028 1340 potest.
1080 1247 1121 1319 ln
1135 1250 1254 1320 multis
1268 1251 1361 1320 enim
1381 1247 1442 1322 de·

336 1379 338 1384 ·
371 1345 514 1420 fetrum
530 1347 669 1438 patitur
684 1341 874 1420 historialis
894 1348 1141 1442 intelligentia.
1203 1346 1361 1422 Ecclesia
1382 1368 1445 1420 au·

300 1489 302 1494 ·
371 1459 457 1520 tem
472 1446 517 1519 de
527 1444 754 1542 Evangelicis
775 1444 1042 1540 &Apostolicis
1059 1440 1221 1518 fontibus
1238 1449 1349 1538 bibit,
1379 1448 1442 1538 qui

377 1563 574 1636 numquam
597 1543 793 1638 deficiunt,
825 1542 945 1620 sedin
968 1546 1097 1638 plateis
1117 1545 1184 1618 suis
1203 1563 1440 1639 percurrunt,

372 1646 516 1736 ‘quiain
537 1643 724 1718 latitudine
748 1643 909 1739 spiritalia
926 1645 1234 1738 interpretationis
1259 1647 1442 1720 abundant

371 1743 519 1837 'semper
541 1744 724 1820 &fluunt
783 1745 880 1818 Bibit
902 1745 936 1818 ἂ
957 1745 1002 1819 de
1022 1746 1161 1839 puteis,
1188 1765 1270 1820 cum
1289 1745 1442 1842 profun-

377 1844 486 1918 diora
510 1861 657 1935 quaeque
684 1845 801 1918 haurit
825 1838 1053 1917 &scrutatur
1074 1865 1119 1916 ex
1140 1845 1231 1940 lage.
1282 1845 1349 1918 Per
1366 1847 1442 1918 hoc

377 1944 537 2016 arbitror
552 1941 756 2034 mysterium
774 1945 881 2017 etiam
892 1943 1071 2016 Dominus
1088 1943 1302 2016 &Salvator
1317 1944 1441 2019 noster

374 2041 525 2114 dicebat
537 2041 580 2114 ad
595 2041 870 2136 Samaritanam,
903 2044 963 2117 ubi
982 2044 1085 2116 velut
1102 2042 1127 2116 ii
1147 2063 1227 2115 cum
1246 2041 1318 2136 ipsa
1338 2043 1439 2142 Agar

371 2139 613 2234 loqueretur,
639 2142 774 2216 aiebat:
808 2148 939 2231 Omnis,
962 2147 1018 2240 qui
1034 2143 1145 2214 biberit
1156 2168 1194 2212 ex
1204 2143 1263 2213 hoc
1273 2169 1375 2242 aquo,
1392 2145 1439 2238 fi·

372 2247 444 2316 κίοι
459 2247 575 2312 iterum
584 2262 598 2328 ,·
624 2248 679 2338 qui
694 2260 798 2313 aurem
814 2241 927 2315 biberit
941 2243 977 2314 de
999 2267 1098 2340 aqua,
1118 2269 1212 2340 quam
1234 2269 1282 2337 ego
1300 2245 1374 2314 daho
1392 2251 1437 2335 ei,

377 2365 448 2412 nm
462 2341 555 2438 firier
576 2349 612 2411 in
638 2357 802 2414 aramum.
861 2341 910 2416 Et
930 2343 990 2415 iila
1015 2341 1101 2416 dicit
1122 2343 1166 2414 ad
1188 2343 1440 2418 Salvatorem:

380 2445 439 2516 ΠΙ
459 2443 543 2511 milti
567 2448 701 2513 Domine
723 2446 804 2514 luant
824 2469 953 2539 aquam,
981 2461 1016 2510 ut
1038 2447 1246 2534 niustriam,
1271 2470 1369 2541 neque
1386 2469 1442 2514 ve·

370 2545 470 2614 nium
489 2541 552 2612 huc
578 2546 719 2614 haurire.
771 2542 857 2616 Post
881 2546 956 2616 haec
973 2539 1153 2615 Dominus
1177 2542 1342 2617 adeam:
1368 2547 1441 2638 Qui

370 2646 498 2729 'credin
524 2638 663 2734 inquit,
687 2650 724 2714 in
744 2667 811 2732 me,
835 2645 892 2731 fier
915 2651 952 2713 in
979 2667 1011 2712 eo
1022 2643 1103 2735 som
1125 2668 1213 2739 aqua
1230 2645 1380 2731 salientis
1400 2651 1440 2718 in

372 2751 483 2815 uttam
498 2757 658 2815 aternum.

453 2839 487 2915 6.
514 2835 668 2914 Errabat
684 2861 771 2939 ergo
793 2837 891 2939 Agar
910 2861 975 2936 per
991 2836 1165 2915 desertum
1193 2859 1274 2913 cum
1302 2860 1439 2936 puero,

378 2939 414 3014 ἂ
434 2955 523 3031 puer
535 2939 721 3036 plorabat,
749 2939 783 3015 bt
803 2941 960 3036 projecit
978 2959 1059 3014 eum
1078 2940 1195 3037 Agar,
1222 2941 1364 3032 dicens,
1390 2963 1438 3016 ne

378 3040 522 3114 videam
545 3056 700 3113 mortem
729 3035 793 3114 filii
811 3041 893 3116 mei.
952 3039 1037 3114 Post
1056 3040 1132 3112 haec
1152 3061 1232 3112 cum
1249 3038 1319 3131 jam
1344 3041 1440 3132 quast

376 3142 573 3214 moriturus
599 3139 716 3213 fuisset
735 3141 912 3235 abjettus,
938 3141 973 3211 &
991 3137 1164 3233 fleviiiet‚
1192 3139 1287 3212 adest
1308 3143 1340 3214 ei
1360 3139 1438 3214 An·

377 3240 476 3333 gelus
498 3239 671 3333 Domini,
707 3239 742 3312 δι
763 3244 903 3335 aperuit
917 3241 1047 3312 oculos
1068 3236 1185 3334 Agar,
1212 3239 1353 3312 &vidit
1372 3261 1437 3333 pu·

370 3351 476 3411 teum
494 3339 592 3430 aquae
607 3343 714 3415 viva.
765 3341 854 3414 Haec
872 3341 916 3413 ad
931 3339 1111 3412 historiam
1128 3335 1253 3413 referri
1272 3341 1437 3429 quemad·

374 3434 525 3511 modum
550 3436 727 3530 poisunt?
758 3439 832 3512 Ubi
851 3439 944 3513 enim
965 3441 1185 3522 invenimus,
1221 3439 1320 3530 quod
1339 3435 1438 3534 Agar

377 3535 517 3608 clausos
539 3538 704 3611 babuerit
724 3541 876 3632 oculos,
903 3538 938 3610 o
954 3538 1068 3631 aperti
1083 3537 1164 3610 sunt
1180 3535 1437 3631 postmodum?

370 3633 515 3709 -Nonne
531 3637 613 3708 luce
629 3639 764 3710 clarior·
776 3638 827 3712 est
846 3642 883 3711 in
899 3637 954 3712 his
968 3637 1204 3732 intelligentia
1221 3638 1384 3729 spiritalis
1402 3639 1438 3712 ἀ

377 3735 546 3827 mystica,
574 3736 672 3826 quod
689 3737 844 3830 abjettus
861 3738 911 3811 est
923 3739 952 3811 is
963 3791 988 3831 ,,
1004 3737 1063 3829 qui
1082 3732 1273 3810 secundum
1291 3757 1436 3814 carnem

378 3835 431 3907 est
447 3834 627 3928 populus,
648 3837 681 3908 ἃ
702 3837 836 3910 tamdiu
850 3840 948 3931 jacet
969 3838 1008 3908 in
1031 3835 1125 3910 fame
1197 3837 1274 3929 stri,
1299 3862 1366 3908 non
1378 3839 1439 3931 fo·

377 3957 456 4002 mem
471 3944 566 4032 panis
591 3935 799 4030 perferens,
825 3962 923 4036 neque
934 3940 1025 4031 fitim
1045 3961 1150 4031 aqua,
1194 3940 1229 4006 ed
1239 3939 1328 4032 firim
1346 3942 1439 4009 verbi

374 4039 444 4105 Dei
454 4085 469 4125 ,
503 4035 622 4108 donec
647 4037 852 4130 aperiantur
874 4038 973 4114 ortuli
992 4033 1215 4134 synagoge?
1250 4035 1338 4110 Hoc
1363 4036 1435 4138 est,

1039 4199 1043 4206 .
1264 4137 1390 4232 ‘quod
