3417 4692
239 256 252 527 r
324 505 327 510 .
374 353 863 502 COMMENTARI'A
886 419 954 500 IN
977 418 1269 506 Gurtsssnlt
1324 451 1349 530 9

240 547 246 670 l
298 575 1342 646 «ει-ΕΜ»

239 677 247 886 ΙΙ
340 733 1299 826 urmauorrruomeruumu.

237 913 244 1136 Ξ
291 895 421 1068 Non
437 891 532 966 enim
547 890 647 964 Deus
665 911 747 965 cum
763 894 860 986 prius
876 915 952 968 non
969 893 1055 969 eliet
1071 910 1194 990 pater,
1225 898 1350 992 postea

376 1003 496 1084 pater
518 981 592 1064 effe
623 992 731 1084 coepit
753 994 858 1068 velut
882 994 1072 1088 impeditus
1103 1000 1275 1090 aliquibus
1303 1021 1351 1076 ex

291 1091 424 1181 ceusu,
450 1090 577 1181 qubus
597 1091 761 1186 homines
775 1094 945 1167 mortales
967 1094 1126 1188 impediri
1143 1096 1280 1195 solent,
1306 1111 1351 1172 ut

237 1141 242 1280 Ι
290 1213 368 1266 non
390 1188 504 1262 statim
528 1211 573 1263 ex
593 1210 667 1283 quo
693 1189 794 1285 sunt,
828 1192 1004 1286 &patres
1029 1193 1099 1268 elle
1121 1199 1261 1290 polline.
1309 1199 1347 1275 Si

289 1292 386 1366 enim
403 1287 539 1383 semper
551 1289 729 1383 perfeuus
747 1292 799 1368 est
813 1291 936 1385 Deua,
962 1314 1031 1367 nec
1044 1294 1141 1368 deest
1157 1298 1189 1368 ei
1209 1301 1347 1395 virtus,

289 1412 360 1483 qua
374 1405 476 1484 pater
490 1389 550 1484 s1t,
567 1389 751 1467 &bonum
765 1389 829 1484 est,
844 1390 914 1466 else
927 1414 1008 1467 eum
1022 1407 1160 1487 patrem
1170 1399 1248 1471 talis
1264 1397 1343 1494 filii,

290 1489 378 1581 quid
399 1487 540 1582 differt,
566 1503 628 1564 aut
650 1490 830 1586 quidhoc.
847 1491 951 1565 bono
967 1492 1107 1565 fraudat
1130 1494 1190 1590 se,
1217 1498 1252 1570 bt
1270 1521 1348 1580 non

289 1588 430 1682 statim,
455 1588 546 1664 srita
565 1589 634 1663 dici
649 1588 793 1684 potest,
818 1589 854 1664 se
871 1607 972 1684 pater
988 1590 1097 1665 efficit
1117 1596 1284 1685 patrem?
1308 1599 1350 1680 ld

274 1687 405 1785 -ipsum
420 1703 538 1764 autem
555 1690 661 1765 etiam
678 1688 723 1764 de
738 1689 873 1785 Spiritu
888 1689 1006 1766 saneto
1028 1692 1218 1770 dicendum
1237 1696 1298 1773 eit·

296 1882 1345 1949 Μω

791 2061 854 2126 EX

313 2146 684 2299 ormuurs
724 2173 1325 2297 couuaurauus

562 2373 643 2454 1u
694 2373 1081 2488 eruamur.

464 2585 473 2602 .
626 2537 679 2614 Al
695 2555 788 2637 caput
805 2559 837 2612 1.
853 2539 936 2630 veri]
959 2560 1019 2622 ια.

290 2676 354 2858 Si
371 2673 538 2771 quispiam
554 2699 600 2754 eo
616 2680 651 2753 in
670 2699 794 2756 errore
808 2680 1028 2773 versabitur,
1054 2692 1096 2754 ut
1112 2679 1156 2754 de
1173 2678 1349 2763 artificum

367 2775 570 2851 nostrorum
598 2801 701 2854 more
727 2780 916 2876 cogitans,
949 2779 1101 2852 dandum
1126 2778 1194 2851 elie
1217 2797 1349 2879 neget,

289 2875 409 2950 Deum
423 2897 481 2952 res
494 2878 675 2952 universas
689 2879 807 2952 moliri
818 2877 938 2974 polle,
955 2878 1018 2953 nifi
1031 2880 1212 2954 materiam
1229 2902 1350 2972 quam·

291 2979 370 3052 darn
392 2992 476 3049 ortu
494 2994 677 3068 ¹carentem
698 2999 771 3072 prae
788 2979 950 3055 manibus
972 2981 1160 3071 habuerit,
1187 3002 1268 3055 cum
1286 3003 1352 3058 ne·

290 3098 361 3168 que
381 3073 565 3150 statuarius
595 3077 723 3171 absque
747 3095 847 3174 ere,
881 3099 950 3152 nec
969 3074 1070 3152 faber
1091 3081 1257 3176 lignarius
1274 3080 1350 3158 fine

289 3177 420 3270 lignis.
447 3198 516 3250 nec
533 3177 743 3252 architectus
760 3177 832 3252 fine
849 3178 1024 3270 lapidibus
1041 3176 1237 3269 susceptum
1255 3187 1349 3274 opu't
1462 3268 1464 3272 ¹

288 3277 477 3350 elaborare
492 3276 614 3370 polilt:
640 3280 686 3351 de
699 3277 877 3371 potestate
895 3276 965 3351 Dei
981 3278 1206 3369 querendum
1221 3301 1266 3353 ex
1280 3283 1349 3356 illu

288 3373 362 3464 est,
388 3392 509 3451 utrum
532 3376 633 3450 Deus
651 3378 713 3451 ubi
739 3377 908 3470 quidquid
924 3377 987 3470 ipfi
1009 3378 1204 3473 placuerit,
1229 3380 1350 3455 moliri
1384 3451 1387 3457 .

287 3474 471 3569 statuerit,
498 3477 594 3549 nulla
615 3474 822 3550 difficultate
840 3478 917 3550 vim
939 3478 1015 3569 ejus
1036 3478 1236 3551 voluntatis
1257 3479 1349 3553 inhi-

287 3575 420 3669 bente,
446 3576 546 3667 quod
559 3575 670 3650 visum
684 3576 744 3651 libi
757 3575 885 3670 fuerit,
910 3573 1085 3672 perficere
1098 3577 1214 3669 poffit.
1265 3581 1350 3674 Qua

289 3676 562 3767 animatione,
587 3678 774 3770 qualitates
790 3677 867 3754 illas
884 3674 942 3773 (id
956 3675 1055 3769 quod
1070 3698 1116 3750 ex
1131 3697 1256 3759 eorum
1272 3700 1350 3770 orn-

285 3777 401 3867 nium,
418 3776 478 3868 qui
495 3775 765 3851 Providentiam
781 3773 851 3849 elie
869 3775 1079 3866 defendunt,
1093 3777 1261 3850 oratione
1273 3776 1350 3851 seu·

285 3878 474 3968 tentiaque
492 3875 721 3969 coniunttum
739 3874 811 3974 est)
832 3897 910 3969 quae
928 3880 1034 3951 nnllae
1051 3875 1275 3971 demetant,
1301 3877 1349 3954 ad

285 3977 446 4051 universi
470 3990 661 4068 umatum,
686 3995 756 4068 pro
782 3974 922 4052 infinita
939 3972 1138 4074 potestate,
1165 3974 1350 4068 sapientia·
1461 4073 1464 4082 Ι

285 4097 357 4171 que
374 4077 567 4175 producit:
592 4077 716 4154 eadem
733 4078 883 4177 omnino
899 4097 1062 4156 naturam
1083 4076 1360 4170 quamlibee,u
