3417 4692
973 348 978 351 ·
1188 328 1226 369 f
1253 358 1259 368 ,

487 505 489 510 -
578 445 1073 528 lNEXODU'M.
1275 447 1402 547 459(

283 607 375 708 'eiua'
424 609 638 686 Non-enim
663 610 784 702 potest
806 608 1021 700 descendere
1050 613 1088 684 in
1116 603 1316 705 AEgyptum
1334 662 1353 704 ‚1

288 713 472 788 &subiret
486 707 619 810 ligones
650 711 869 807 AEgyptios‚
905 708 969 784 nisr
996 710 1056 802 qui
1080 709 1190 783 fucrit
1214 711 1349 783 athleta

288 812 508 909 probabilis,
534 811 663 894 &talu
679 814 816 903 qualem
834 811 920 883 dicit
936 809 1159 904 Apostolus,
1187 807 1269 902 quia
1287 831 1352 878 om-

287 919 342 984 nis
363 918 421 1012 qni
446 917 482 981 iu
509 933 602 1003 ogone
624 916 787 983 contendit
860 910 897 982 ob
921 909 1061 981 omullus
1090 913 1259 980 continens
1290 908 1351 1006 efi:

290 1011 330 1092 U
357 1014 405 1083 isi
425 1013 545 1110 quidem
569 1028 608 1082 ut
632 962 861 1096 onuoribtsom
889 1015 1033 1080 coronam
1066 1012 1256 1106 accipiant,
1292 1033 1352 1081 nur

288 1123 394 1210 autem
423 1117 646 1204 incorruptam,
702 1113 765 1206 Ego
791 1116 892 1205 igitur
907 1109 948 1203 fic
972 1131 1089 1193 curro,
1122 1131 1189 1178 non
1208 1107 1295 1208 quafi
1315 1116 1352 1181 in

289 1205 468 1284 intertum:
491 1212 531 1304 fic
548 1231 667 1309 pugno,
693 1237 759 1282 non
778 1212 861 1308 quaft
886 1233 985 1281 aerem
1008 1209 1190 1282 verberans.
1241 1207 1352 1301 Μογ-
1469 1213 1475 1222 ’

289 1311 341 1388 ses
363 1331 451 1407 ergo
472 1314 553 1402 quia
570 1331 715 1408 magnus
735 1327 812 1383 erat
829 1311 862 1382 dt
878 1324 1009 1401 potens
1026 1308 1183 1401 athleta,
1211 1306 1354 1406 descen·

290 1411 412 1492 titud
437 1432 571 1505 agones
595 1411 628 1482 ἃ
651 1411 822 1483 exercitia
845 1411 1030 1483 virtutum.
1083 1407 1153 1483 Sed
1183 1408 1352 1482 &Abra-

288 1512 372 1587 nam
397 1508 576 1583 descendit
594 1510 629 1583 in
652 1507 876 1608 AEgyptum,
912 1510 993 1601 quia
1015 1524 1091 1582 erat
1110 1510 1182 1602 ipse
1201 1527 1350 1604 magnus

292 1609 479 1704 &potens
501 1611 644 1684 athleta.
695 1608 792 1682 Nam
815 1609 860 1683 de
885 1608 999 1704 Jacob
1022 1609 1104 1697 quid
1128 1607 1264 1702 dicam,
1291 1601 1352 1700 qui

238 1765 241 1784 ,
288 1706 366 1806 ipso
387 1711 532 1783 nomine
550 1709 683 1781 athleta
699 1705 773 1780 cst?
800 1706 973 1782 Ludlator
989 1709 1082 1780 enim
1103 1701 1136 1779 dt
1154 1705 1353 1802 supplentu-

287 1822 351 1882 tor
375 1809 642 1901 interpretatur.
694 1803 742 1877 Et
768 1807 851 1880 ideo
876 1826 954 1878 cum
977 1804 1205 1879 descendisset
1226 1808 1263 1880 in
1279 1806 1355 1900 sep·

290 1909 453 2002 tuaginta
470 1909 626 1997 quinque
648 1905 828 1978 animabus
852 1906 888 1979 in
908 1903 1106 1999 AEgyptum
1126 1906 1269 2001 Jacob,
1301 1907 1353 1981 fa·-
1445 1966 1453 1978 .

290 2004 374 2080 dtus.
395 2004 445 2078 est
465 2004 554 2078 srcut
575 2005 682 2079 stellae
709 2007 789 2088 coeli
807 2006 844 2079 in
865 2004 1138 2080 multitudinem.
1189 2005 1260 2080 Sed
1278 2025 1355 2081 om·

288 2125 353 2184 nes
369 2099 444 2197 'qui
471 2101 687 2178 descendunt
720 2107 756 2178 in
783 2103 1006 2200 AEgyptum,
1047 2106 1097 2176 ita
1125 2119 1286 2201 pugnant
1318 2105 1353 2180 dt

288 2207 340 2279 ita
365 2203 562 2297 expediunt
587 2225 740 2301 agones,
766 2208 864 2277 utin
892 2203 1154 2278 multitudinem
1178 2201 1292 2297 fiant,
1319 2205 1354 2279 dt

288 2315 334 2375 ut
361 2297 468 2378 stella
491 2303 570 2377 coeli
595 2305 890 2396 multiplicentur.
954 2302 1044 2375 Aliis
1060 2303 1112 2377 ‘in
1133 2306 1355 2380 contrarium

291 2403 387 2477 cedit
407 2400 619 2476 descendisse
637 2403 674 2474 in
697 2402 907 2499 AEgyptum.
957 2401 1043 2475 Scio
1065 2406 1086 2475 e'
1111 2424 1134 2476 ο
1156 2402 1354 2497 Jeroboanl

289 2501 486 2596 fugientem
509 2501 741 2574 aSalomone
772 2499 984 2575 descendisse
1011 2501 1047 2575 in
1116 2517 1292 2599 gyptum,
1318 2505 1354 2578 dt

290 2619 368 2675 non
391 2599 502 2674 solum
530 2620 607 2672 non
631 2598 780 2673 crevisse
800 2602 836 2672 in
852 2600 1136 2692 multitudinem,
1164 2601 1221 2676 sed
1237 2602 1271 2674 dt
1290 2600 1355 2676 sci·

291 2697 424 2773 disse&
446 2697 639 2792 corrupisse
655 2700 829 2793 populum
853 2699 946 2792 Dei,
979 2701 1061 2791 quia
1079 2697 1295 2776 descendens
1315 2701 1354 2777 in

291 2794 489 2894 AEgyptum
511 2796 654 2891 accepit
679 2820 698 2870 a
720 2793 904 2872 Susaclrim¹
925 2818 963 2869 re
988 2821 1009 2870 e
1036 2819 1189 2875 uxorem
1220 2793 1355 2878 Theci'ss

246 2984 249 2987 ,
290 2919 404 2973 menae
428 2900 549 2971 cruoris
580 2899 655 2989 ejus
682 2893 854 2976 sororem.
906 2820 986 2970 Set?
1003 2887 1146 2972 interim
1167 2904 1271 2975 venit
1295 2902 1353 2997 Je-

290 2996 378 3071 thro
403 2997 445 3068 ad
465 2993 644 3088 Moysen,
672 2997 850 3072 adducens
876 2993 993 3071 secum
1013 2993 1125 3074 filiam
1147 3001 1241 3077 suam
1258 3021 1353 3075 uxo·
1412 3019 1417 3028 ’

292 3117 368 3171 rem
392 3093 532 3187 Moysi,
565 3092 713 3169 &lilios
735 3097 822 3189 ejus.
879 3100 1051 3186 Bromio,
1077 3097 1213 3194 in'quit',
1240 3105 1353 3194 Aaron

293 3195 334 3274 ὕ
352 3219 456 3268 omnes
474 3195 647 3292 presbyteri
663 3201 699 3267 de
714 3196 813 3284 lsrael
834 3201 1022 3286 manducare
1039 3201 1153 3294 penem
1175 3227 1243 3274 cum
1256 3202 1356 3290 socero

294 3295 401 3392 Moyfi
425 3304 463 3366 in
487 3295 644 3391 consortia
669 3299 744 3372 Dei.
796 3295 884 3373 Non
911 3318 1184 3391 omnes.panem
1206 3301 1354 3375 mandu-

294 3411 377 3468 cant
391 3395 427 3470 in
451 3391 642 3490 conspediu
663 3393 757 3488 Dei,
784 3393 842 3470 sed
861 3398 920 3492 qui
941 3397 1144 3492 presbyteri
1161 3395 1264 3485 sunt,
1291 3401 1353 3494 qui

292 3494 480 3588 seniores,
514 3496 572 3586 qul
592 3493 740 3587 persedti
761 3493 859 3588 sunt,
887 3496 1075 3571 &meritis
1099 3502 1263 3594 probati,
1288 3501 1353 3596 ipfi

292 3595 507 3669 manducant
530 3615 656 3688 panem
678 3594 714 3667 in
737 3594 929 3690 conspectu
953 3595 1048 3691 Dei,
1075 3598 1135 3692 qui
1157 3597 1353 3674 observant

292 3694 492 3786 illudquod
511 3692 709 3787 Apostolus
727 3694 830 3768 dicit:
844 3781 846 3789 Ι
859 3701 939 3768 Sive
955 3699 1176 3786 manducaris,
1194 3701 1264 3797 five
1278 3701 1357 3770 bibi.

294 3798 358 3881 tir,
376 3793 446 3890 five
462 3794 549 3864 aliud
557 3791 691 3884 fucitis,
716 3801 821 3867 omniu
839 3797 880 3869 ad
890 3798 1023 3889 gloriam
1048 3801 1110 3870 Dei
1130 3800 1234 3886 facite.
1263 3797 1356 3873 Om-

294 3892 353 3966 nia
366 3912 454 3987 ergo
471 3912 547 3983 quae
560 3891 696 3994 faciunt
711 3892 835 3986 sancti,
861 3897 897 3969 in
915 3896 1106 3992 conspestu
1119 3899 1188 3972 Dei
1203 3899 1352 3977 faciunt.

292 3990 468 4066 Peccator
485 3995 636 4065 autem'a
651 3991 843 4088 conspedtu
855 3995 926 4069 Dei
942 3995 1043 4094 sugit.
1070 3997 1237 4089 Denique
1251 3997 1356 4092 scrip·-

288 4095 370 4167 'tum
387 4088 460 4188 est,
485 4091 567 4185 quia
581 4090 697 4166 Adam
708 4092 894 4190 postquam
912 4097 1100 4191 peccavit,
1128 4098 1219 4195 sugit
1234 4119 1253 4171 a
1269 4117 1355 4173 con·

409 4229 412 4236 ·
1184 4198 1320 4291 suello).
