3417 4692
370 379 438 483 tir
463 345 1054 481 onnusnunonr‘tra
1079 402 1204 485 xva..
1272 425 1345 504 ιρι

358 589 395 661 7.
420 567 562 661 Asigom
578 567 618 637 ad
631 570 734 637 vitem
748 567 987 663 pudumsrrum,
1007 567 1045 645 U
1059 569 1100 639 od
1110 569 1272 665 palmitem
1286 567 1345 662 afi-

281 689 359 739 mrn
371 668 471 756 suam.
498 665 584 740 Hoc
597 664 641 738 de
656 664 843 740 Christo&
859 669 1004 760 proprie
1015 666 1049 739 dr
1060 669 1278 764 singulariter
1295 667 1348 741 di·

284 767 394 840 citur:
408 762 483 859 ipse
495 766 590 840 enirn
604 765 763 862 alligavit
773 766 816 839 ad
830 767 942 840 vitem
952 768 1088 860 pullum
1099 767 1209 859 suum,
1224 770 1284 860 qui
1296 768 1351 841 di·

284 865 362 940 xit:
393 867 457 959 Ego
467 866 540 954 sum
556 871 637 937 viris
653 889 741 941 vera.
780 864 837 937 Ad
858 866 951 938 hane
969 885 1059 938 vero
1078 869 1190 942 vitem
1212 868 1350 960 pullum

285 962 385 1040 suum
400 965 558 1061 alligavit
573 964 607 1037 dt
625 964 668 1036 ad
685 966 867 1057 palmitem
885 965 1010 1038 asinam
1023 963 1129 1040 suam.
1163 963 1284 1040 Pullus
1298 963 1351 1041 est

286 1066 517 1237 {isidis
531 1065 1352 1258 ruistrititii‘ittrsri‘niii:

744 1217 757 1254 9

288 1261 448 1337 Christus
466 1260 652 1335 insederat.
688 1261 808 1334 Pullus
828 1283 922 1336 vero
940 1264 1039 1336 asmae
1056 1262 1136 1337 sunt
1150 1263 1205 1354 hi,
1227 1263 1350 1355 quide

286 1365 412 1457 priore
432 1365 595 1455 populo,
620 1361 680 1453 qui
699 1380 796 1434 nunc
817 1362 854 1434 in
869 1360 981 1458 figura
1003 1360 1103 1435 afinae
1120 1362 1355 1457 nominatur,

289 1460 394 1536 eleut
405 1459 484 1534 sunt
495 1459 706 1552 adsalutem,
721 1461 902 1552 dequibus
913 1464 1092 1555 propbeta
1105 1461 1211 1535 dicit:
1228 1460 1354 1555 Sisar-
1482 1529 1484 1534 .

292 1567 368 1632 rint
374 1562 446 1652 filii
460 1560 554 1649 lsrael
566 1562 648 1658 quast
661 1586 761 1633 orma
771 1570 885 1652 moris,
901 1561 1244 1658 reliquiesalarafient.
1272 1559 1353 1634 Ab·

246 1708 248 1713 -
285 1657 381 1755 jesia
396 1679 484 1756 ergo
504 1659 618 1754 asma,
643 1682 719 1751 quae
739 1680 831 1734 onus
848 1661 937 1756 legis
957 1661 993 1734 in
1009 1656 1183 1734 fidelitate
1202 1673 1355 1755 portare

288 1759 429 1853 maluit,
441 1762 559 1852 pullus
569 1781 614 1832 ex
622 1758 694 1850 ipsa
709 1773 813 1833 natus
827 1761 982 1855 eligitur,
994 1759 1031 1831 id
1048 1759 1111 1854 est,
1124 1762 1294 1834 novellus
1305 1779 1355 1838 en

288 1874 419 1932 vetere
437 1879 502 1952 per
526 1855 632 1931 fidem
652 1859 806 1950 populus
835 1856 1062 1952 adibisritur,
1084 1881 1126 1933 ae
1143 1862 1287 1954 populo
1305 1879 1355 1934 en

290 1960 457 2057 gentibus
471 1955 637 2032 sociatur.
663 1958 759 2030 Vitis
770 1978 857 2054 ergo
866 1957 1025 2032 Christus
1039 1981 1085 2034 ex
1097 1981 1141 2032 ea
1154 1972 1257 2054 parte
1268 1959 1355 2032 dici·

290 2073 371 2148 tur,
395 2078 464 2149 qua
483 2070 644 2132 naturam
665 2054 816 2150 suscepit
831 2058 1041 2151 humanam,
1067 2059 1112 2131 ad
1130 2079 1234 2152 quam
1252 2057 1355 2134 neue

291 2161 445 2230 verbum
470 2155 568 2229 suum
589 2158 722 2249 pullum
740 2158 880 2254 alligat:
906 2159 940 2230 id
964 2158 1034 2248 est,
1060 2161 1234 2251 populum
1253 2156 1357 2233 suum

292 2256 481 2351 conjungit
498 2256 532 2328 u
547 2252 659 2327 sociat
675 2257 706 2327 ei
721 2256 1010 2348 conversationi,
1027 2278 1130 2349 quam
1148 2255 1221 2352 ipse
1232 2259 1358 2354 exegit

292 2357 333 2430 in
346 2375 470 2429 carne:
493 2369 536 2426 ut
544 2355 744 2428 imitatione
758 2356 875 2448 ipsius,
890 2358 1021 2446 pullus,
1039 2359 1097 2448 qui
1107 2358 1150 2430 ad
1159 2356 1269 2450 ipsum
1283 2356 1359 2430 alii·

293 2468 397 2552 gatus
413 2452 484 2543 est,
511 2451 683 2527 efficiatur
696 2475 775 2528 cum
792 2457 855 2527 ilio
871 2453 1009 2528 &filius
1026 2454 1118 2548 Dei,
1145 2457 1179 2526 dr
1194 2459 1357 2532 coheres

296 2551 438 2628 Christi.
464 2552 648 2626 Palmitem
658 2569 750 2627 vero
766 2555 810 2626 de
823 2557 940 2643 quoin
951 2555 1080 2646 initiis,
1095 2553 1360 2650 quidsigniiica·

292 2669 364 2744 ret,
379 2673 455 2728 non
471 2652 712 2746 exposuimus,
736 2653 938 2747 intelligere
950 2650 1132 2745 possumus
1144 2655 1358 2730 hoemodo.

294 2750 401 2828 Fides
415 2773 492 2843 quae
506 2755 542 2824 in
552 2749 694 2824 Christo
705 2750 777 2846 est,
797 2749 1023 2845 &praesentis
1038 2752 1122 2823 vitae
1133 2753 1289 2847 reguiam
1305 2766 1360 2826 te·

294 2867 380 2940 net,
399 2850 433 2924 &
450 2851 579 2925 sututae
595 2851 667 2943 spei
691 2848 855 2924 fiduciam
872 2849 1023 2942 praestat.
1049 2851 1147 2923 Vitis
1165 2871 1252 2945 ergo
1271 2847 1361 2926 iilud

254 2965 257 2971 ’
297 2952 444 3025 videtur
455 2950 657 3042 ostendere,
669 2950 772 3042 quod
785 2949 912 3024 Christi
926 2950 964 3023 in
978 2970 1085 3022 carne
1097 2949 1201 3042 positi
1212 2949 1307 3045 gesta
1321 2952 1362 3027 iu

295 3048 374 3145 ipso
387 3050 574 3123 credentes
582 3050 774 3126 imitantur.
787 3049 924 3122 Palmes
933 3049 1125 3122 veroiiiud
1135 3050 1360 3145 intelligitur,

298 3148 398 3243 quod
413 3147 548 3242 palmes
555 3151 677 3221 arbori
687 3148 914 3223 connestitur
924 3149 957 3221 u
969 3145 1204 3221 confirmatur
1217 3146 1361 3243 alapsu,

299 3269 374 3341 quo
388 3250 603 3322 adminiculo
614 3247 727 3321 fretus
742 3263 877 3322 ventos
889 3270 930 3319 ac
940 3248 1100 3321 turbines
1113 3245 1364 3331 contemnit&

297 3348 453 3443 respuit,
468 3348 672 3420 futurorum
689 3350 872 3422 bonorum
888 3348 1022 3420 indicat
1040 3348 1152 3440 spem:
1179 3347 1261 3439 quia
1274 3342 1365 3421 fide·

298 3447 351 3521 les
368 3448 499 3540 quique
509 3469 585 3522 non
603 3445 714 3520 solum
726 3448 762 3519 in
775 3448 851 3538 his,
869 3467 947 3537 quae
960 3464 1109 3540 gerunt,
1124 3443 1181 3518 sed
1197 3447 1232 3519 u
1244 3447 1281 3520 in
1292 3447 1364 3543 his,

301 3567 379 3640 quae
392 3545 533 3638 sperant
548 3547 581 3619 dr
599 3548 772 3638 credunt,
788 3547 944 3619 suturam
960 3544 1303 3619 consummationem
1314 3544 1367 3619 sa·

298 3645 385 3720 lutis
403 3644 617 3740 exspediant.
652 3647 694 3719 ln
714 3667 788 3736 quo
808 3645 900 3737 quasi
918 3645 962 3718 ad
978 3645 1162 3735 quamdam
1183 3644 1366 3736 patientiae

301 3746 466 3819 arborem
482 3746 541 3838 spe
549 3744 658 3838 jundi
673 3744 704 3818 d
717 3741 943 3834 confirmati,
964 3746 1206 3818 tentationum
1224 3745 1367 3834 procel·

299 3845 351 3918 las
362 3867 404 3918 ac
411 3846 572 3920 turbines
586 3845 726 3934 serunt,
741 3844 895 3936 quodde
905 3843 1075 3917 historiali
1084 3844 1174 3939 Juda
1190 3845 1368 3934 interpre-

300 3946 369 4017 tari
380 3948 476 4017 nulla
491 3946 575 4023 mihi
592 3945 686 4019 ratio
698 3942 956 4036 videturposse
971 3945 1201 4036 permittere,
1227 3941 1287 4013 nisr
1304 3943 1326 4037 J
1351 3982 1368 4001 ·

300 4043 411 4121 duos
432 4045 561 4123 sabulis
580 4055 779 4122 annuentes
804 4056 973 4217 thrtemus
997 4043 1049 4118 ita
1071 4038 1172 4139 poffe
1192 4041 1371 4140 intelligi,
1404 4133 1424 4227 Ἴ

873 4165 896 4218 2
1248 4159 1330 4230 pso
