3417 4692
459 467 461 472 ·
509 435 793 518 sucurre
819 437 886 518 ru
910 439 1202 521 erursru.
1285 409 1388 542 ἰη
1464 429 1467 434 ·

401 604 598 703 Respondeas
617 622 723 678 aurern
747 606 867 703 Joseplr
893 605 1182 680 Pervenimus
1217 599 1298 680 Sine
1324 609 1390 678 Dee

314 715 387 778 iton
418 706 652 801 respondebitur
678 706 822 794 salutare
857 705 1028 777 Pharaoni.
1077 705 1225 799 Sapiens
1254 701 1389 800 Joseph

314 821 403 882 tum
426 827 447 878 a
473 804 557 878 Deo
583 806 771 880 exordium
795 805 924 885 ducit..
958 799 1121 878 Observa
1144 825 1227 880 eum
1245 804 1290 876 ad
1311 823 1388 878 mu-

319 905 445 978 lierem
464 903 606 979 dixisse:
634 905 682 977 Er
697 903 819 996 faciam
835 905 965 976 verium
978 905 1095 974 maium
1112 907 1188 992 hoc,
1212 899 1253 981 θ
1263 902 1389 1000 peccabo

321 1028 428 1074 caram
448 1007 527 1075 Deo.
577 1002 628 1077 Et
645 1003 688 1077 ad
705 1006 892 1080 eunuume
906 1005 944 1079 in
960 1023 1104 1079 earcere
1119 1006 1190 1078 aitr
1213 1007 1270 1076 An
1282 1029 1347 1075 our
1363 1029 1387 1076 e

320 1109 391 1180 Deo
408 1108 749 1199 interprrtatr'oeorum
766 1100 829 1197 eli?
887 1122 893 1134 '
1042 1107 1045 1112 ’
1482 1110 1484 1124 ¹

401 1205 449 1276 Ei
463 1206 549 1274 dixit
565 1204 688 1276 Pherae
703 1205 845 1274 omnibus
858 1204 1013 1305 mim'ftn's
1027 1206 1118 1295 suis:
1145 1202 1317 1301 Numquid
1332 1206 1387 1284 in,-

322 1308 483 1374 veru'emur
501 1304 656 1374 bominem
673 1305 791 1392 talem,
819 1309 875 1401 qui
898 1305 990 1375 haber
1009 1306 1158 1399 spiritum
1179 1305 1245 1374 Dei
1264 1308 1301 1370 in
1314 1301 1383 1392 sei]

320 1401 461 1475 Videns
482 1402 619 1476 Pharao
636 1402 737 1495 supra
751 1403 941 1477 vhominem
961 1401 1031 1478 effe
1052 1402 1169 1476 datam
1186 1424 1205 1474 a
1226 1398 1386 1495 Joscpho.

321 1499 372 1578 sui
391 1499 517 1573 somnii
538 1504 898 1595 interpretationem,
918 1523 1023 1594 quam
1042 1502 1114 1595 ipse
1130 1502 1267 1574 oblitus
1286 1513 1383 1593 erat,

321 1599 413 1676 dixit
433 1622 514 1678 eum
533 1600 603 1673 Dei
623 1602 779 1692 spiritum
799 1603 836 1673 in
853 1599 888 1673 se
905 1599 1050 1677 habere.

401 1700 580 1798 Ejusdem]
604 1698 756 1772 Contine
774 1699 825 1772 est
837 1699 977 1774 Pharao
989 1721 1100 1774 unum
1115 1698 1236 1772 dicere
1250 1697 1379 1771 Deum.
1439 1725 1445 1738 ¹

319 1798 386 1874 His
405 1812 524 1872 autem
535 1800 774 1874 consentanea
792 1801 872 1872 sunt
892 1800 970 1894 illa,
998 1821 1076 1896 quer
1088 1798 1186 1898 prius
1204 1795 1383 1878 dictasunt

318 1897 366 1972 de
380 1899 506 1972 somnii
520 1899 829 1992 interpretatione.
1483 1970 1484 1974 ,

400 2001 447 2070 Er
471 1999 625 2069 clamabat
644 2016 720 2068 anre
741 1999 843 2093 ipsun
858 1999 984 2094 praee]
1033 1995 1250 2076 Hernicum
1271 1995 1384 2072 habet

318 2117 528 2189 ABRECH,
555 2097 652 2189 quod
666 2099 835 2190 proprie,¹
857 2115 1068 2189 parerttner,
1094 2093 1276 2189 significat.
1302 2095 1383 2168 Me·

318 2198 394 2270 rito
411 2212 547 2289 patrem
563 2210 725 2269 tenerum
742 2194 895 2269 vocavit
909 2195 1055 2291 Joseph.
1091 2195 1282 2268 Nemeum
1301 2208 1382 2266 aeta-

317 2309 357 2368 te
382 2311 486 2369 tener
518 2294 638 2386 esset,
674 2295 766 2387 quast
796 2308 900 2389 pater
925 2294 1109 2367 salutarem
1142 2291 1383 2389 principatum

319 2393 501 2491 Egyptiis
519 2395 696 2469 exhibuit.
749 2394 836 2468 Haee
853 2414 931 2466 vox
956 2408 1096 2486 autem,
1122 2392 1267 2485 Abroi,
1293 2391 1383 2464 nihil

319 2495 415 2568 aliud
434 2490 626 2590 fignificat,
654 2516 761 2588 quam
776 2515 895 2600 genua
913 2492 1068 2574 fletiere.
1120 2488 1227 2564 Clara
1249 2489 1382 2586 quippe

318 2593 370 2672 est
397 2614 474 2666 vox
499 2594 686 2687 praeconis.

399 2693 445 2764 Et
473 2700 602 2764 enavit
636 2694 759 2764 Pharao
780 2715 892 2760 nomen
919 2691 1037 2786 Josrplr
1064 2687 1379 2783 Psrntompiraueelrd

321 2791 683 2888 psontomphanech,
710 2789 812 2883 quod
833 2790 1110 2886 interpretatur,
1135 2794 1188 2859 cui
1206 2788 1382 2859 revelarem

321 2891 543 2992 pisanarum.
593 2889 756 2983 Aquila,
802 2890 1056 2989 Sapharupiranr.
1116 2885 1380 2980 Summam,

320 2991 549 3088 Sapbtpsune,
574 2996 692 3062 occuito
712 2993 880 3061 revelavit.

399 3090 449 3166 Et
466 3093 550 3162 deur
572 3094 602 3161 ri
620 3115 745 3160 uxorem
765 3085 904 3176 Astiterit
923 3089 1029 3179 filiam
1050 3085 1198 3182 petephre
1210 3085 1381 3175 fircerdotis

322 3192 546 3288 Heliopoieos]
596 3189 790 3285 Phutiphar
814 3209 948 3263 nomen
971 3186 1022 3259 est
1045 3189 1154 3278 patris
1174 3183 1300 3258 uxoris
1319 3183 1380 3276 Jo-

319 3289 417 3384 seph.
467 3288 689 3364 Existimabit
703 3287 870 3380 quispiam
890 3287 995 3360 alium
1010 3284 1082 3359 esse
1094 3291 1139 3358 ab
1157 3307 1226 3376 eo,
1244 3285 1305 3376 qui
1319 3283 1380 3376 Jo-

319 3388 464 3484 sophum
485 3390 583 3464 emit
633 3387 703 3460 Sed
721 3409 796 3459 non
813 3388 864 3466 sre
877 3388 1091 3459 arbitrantur
1115 3384 1289 3470 Hebraei3
1318 3389 1380 3455 ve-

318 3509 460 3564 rumex
480 3487 696 3583 apocrypho.
713 3486 858 3574 dicunt,
883 3486 1047 3560 eumdem
1066 3482 1177 3576 ipsum
1198 3481 1293 3572 esse,
1321 3483 1381 3571 qui

318 3589 518 3680 ejurherus
542 3585 694 3659 &socer
710 3586 789 3659 fuit.
841 3583 1071 3676 Narrantque
1091 3581 1255 3656 Asenem
1269 3581 1379 3670 ill-am,

318 3686 413 3759 suam
429 3688 521 3779 apud
538 3700 674 3779 patrem
690 3681 861 3756 accusasse
873 3698 1043 3773 matrem,
1062 3682 1159 3773 quod
1170 3680 1308 3753 infidias
1319 3678 1380 3769 Jo-

317 3785 428 3880 sepho
447 3786 635 3872 struxerit,
661 3805 736 3856 non
758 3798 876 3855 autem
904 3786 947 3856 ab
968 3804 1014 3855 eo
1039 3780 1167 3854 insidiis
1193 3778 1303 3852 suerit
1322 3798 1379 3868 ap·

317 3888 442 3978 petita.
476 3888 594 3983 Quam
610 3885 669 3956 ille
687 3882 844 3977 Josepho
862 3880 1020 3972 sponsam
1038 3880 1157 3968 ded-it,
1183 3890 1224 3948 ut
1241 3874 1380 3970 AEg-yp·

317 3987 376 4056 tiis
396 3986 612 4074 declararet,
641 4005 660 4055 a
677 3982 834 4078 Josepho
850 3981 938 4056 nihil
957 3977 1156 4073 hujusmodi
1171 3988 1300 4051 contra
1316 3976 1379 4044 do·

317 4105 414 4172 mum
433 4084 525 4158 suam
542 4094 783 4178 perpetratum
793 4076 913 4258 ffiffe'
960 4179 963 4186 Ι
1023 4157 1026 4162 ,
1249 4177 1267 4246 ἶ

857 4199 876 4250 a
1267 4175 1358 4242 fote·
