3417 4692
365 433 438 559 395
685 427 1164 535 onte-'aurs'-

363 622 503 694 renrario
516 617 555 716 ιβ
569 593 643 692 vita
657 585 888 826 norietur
907 633 1041 698 tertam.
1090 615 1177 692 Hoc
1195 615 1247 693 eii
1261 635 1350 716 ergo
1371 611 1439 691 ve-¹

364 717 452 795 niue
469 718 512 791 ad
527 739 634 795 mare.

439 837 476 910 4
501 817 797 912 SedfiMoysen,
823 815 943 911 idest,
969 817 1086 914 legem
1100 815 1172 896 Dei
1184 811 1335 907 sequens
1349 831 1436 912 agas

361 916 539 1007 hociter;
565 917 758 1014 AEgyptias
775 932 812 991 te
832 916 974 1010 quidem
997 913 1270 1012 persequitur&
1288 911 1435 990 infesta·

362 1026 445 1111 tur,
472 1015 532 1090 sed
548 1019 633 1092 vide
646 1019 730 1111 quid
746 1013 828 1090 fiat:
858 1021 1023 1104 mavit,
1048 1017 1186 1110 inquit,
1211 1016 1350 1110 Angeias
1367 1019 1438 1088 Da-

364 1121 470 1210 mini,
496 1123 552 1214 qai
566 1117 759 1190 antecedebat
774 1118 875 1214 eastra
891 1113 1006 1210 Israel,
1031 1113 1070 1193 (i
1080 1117 1158 1192 abiit
1174 1114 1237 1214 poss
1252 1117 1331 1192 ins.
1361 1117 1437 1188 Ele·

364 1221 465 1308 aiavtt
480 1223 517 1295 U
539 1221 681 1290 ceianma
699 1216 793 1288 nabis
809 1215 929 1310 afacie
948 1241 1070 1303 eorum,
1096 1217 1135 1292 (5
1152 1215 1237 1297 dene
1252 1215 1317 1314 posi
1342 1217 1435 1311 iilos,

364 1315 405 1395 U
421 1321 571 1388 intravit
588 1331 675 1392 inin
685 1319 783 1414 castra
793 1320 1018 1412 AEgypeierum
1031 1315 1071 1396 di
1086 1315 1315 1404 Israelitaram.
1342 1313 1437 1389 Haec

367 1417 537 1491 columna
557 1418 661 1491 nubis
688 1419 829 1513 populo
852 1416 995 1510 quidem
1011 1415 1081 1490 Dei
1107 1413 1258 1490 efficitur
1280 1435 1435 1509 murres,

363 1513 548 1612 AEgyptiis
581 1537 674 1591 vero
708 1515 963 1591 obscuritatem
996 1515 1151 1611 imponit
1183 1515 1217 1588 o
1248 1513 1434 1592 tenebras.

364 1607 458 1691 Non
482 1617 577 1690 enim
602 1615 819 1691 transfertur
840 1618 1010 1690 columna
1031 1615 1121 1712 ignis
1147 1614 1191 1687 ad
1210 1611 1436 1711 AEgyptios3

364 1711 409 1788 ut
431 1715 581 1790 videant
599 1717 737 1809 lucem,
762 1714 882 1790 sedin
908 1717 1067 1790 tenebris
1091 1728 1323 1808 permanent,
1350 1714 1439 1805 quia

366 1815 551 1887 dilexerunt
565 1819 709 1888 tenebras
727 1825 825 1912 magis
843 1840 938 1916 quam
954 1819 1065 1888 iucem.
1115 1812 1218 1886 Ettu
1239 1812 1371 1909 ergofi
1391 1813 1437 1886 ab

365 1909 549 2019 AEgyptiis
563 1917 732 2008 recedas,
758 1915 863 1989 &de
874 1915 1054 2010 potestate
1076 1910 1278 1988 damonum
1293 1911 1437 2010 fugias,

364 2013 453 2108 vide
474 2029 605 2104 quanta
630 2015 802 2088 divinitus
825 2015 891 2090 tibi
908 2025 1151 2112 praeparantur
1170 2011 1320 2106 auxilia,
1347 2011 1438 2088 uide

366 2113 508 2203 quantis
529 2115 750 2205 adjutoribus
768 2114 908 2188 uteris·
943 2111 1104 2186 Tantum
1130 2109 1207 2205 est,
1233 2124 1277 2185 ot
1296 2130 1437 2205 perma-

365 2213 451 2284 neas
468 2209 576 2300 fortis
590 2211 729 2302 infide,
755 2235 824 2285 nec
842 2228 879 2286 te
891 2209 1151 2310 AEgyptiorum
1167 2210 1369 2304 equitatus,
1399 2211 1436 2284 ἃ

367 2307 615 2412 quadrigarum
637 2310 795 2386 formido
814 2324 1044 2407 perterreat,
1068 2333 1138 2385 nec
1153 2313 1327 2386 reclames
1345 2329 1437 2385 con·

366 2418 425 2480 tra
441 2407 554 2506 legem
572 2409 640 2486 Dei
660 2411 694 2485 ἃ
716 2409 893 2507 Moysen,
921 2413 1095 2504 udices,
1118 2411 1208 2485 sicut
1224 2410 1366 2504 quidam
1388 2431 1435 2484 ex

365 2495 436 2582 iilis
453 2507 640 2585 dixerunt:
668 2508 835 2611 Tanquam
849 2537 915 2584 non
931 2511 1029 2606 effem
1039 2511 1204 2610 sepulchra
1224 2517 1260 2580 in
1273 2513 1437 2607 AEgypto,

366 2605 418 2692 iia
433 2609 569 2706 eduxisti
585 2635 659 2700 etos,
686 2629 724 2684 ur
739 2617 776 2684 in
796 2613 911 2705 deserto
928 2613 984 2685 hee
1006 2617 1190 2683 meriamur.
1218 2612 1344 2683 Melius
1356 2610 1437 2704 fare-

367 2710 832 2809 raiaosjeruireAEgyptiis,
860 2737 953 2810 qaam
971 2719 1051 2783 mori
1069 2712 1232 2800 indeserto
1248 2711 1315 2782 boc.
1345 2709 1436 2784 Haec

365 2803 564 2880 fatiscentis
578 2812 616 2884 in
635 2814 838 2887 tentatione
857 2811 961 2885 animi
983 2813 1095 2885 verba
1119 2809 1209 2886 sunt.
1264 2809 1335 2884 Sed
1354 2809 1438 2899 quit

365 2901 420 2994 ita
431 2907 557 2982 beatus
577 2909 650 3002 est,
678 2911 737 3006 qui
751 2911 800 2986 fic
817 2912 1062 2986 tentationum
1080 2907 1222 3004 pondus
1240 2909 1410 3002 expediat

366 3015 411 3076 u't
433 3008 532 3079 nulla
553 3011 665 3083 menti
693 3013 768 3103 ejus
787 3013 963 3107 cogitatio
986 3011 1224 3106 ambiguitatis
1250 2962 1435 3106 obrepat}

365 3099 465 3177 Vide
482 3111 682 3204 magnoilli
704 3110 859 3184 eccleirae
876 3108 1140 3203 fundamento,
1167 3107 1201 3180 ἃ
1224 3121 1338 3206 petrae
1352 3105 1435 3182 soli·

367 3199 533 3296 diuma,
565 3207 797 3302 superquam
824 3206 982 3284 Christus
1015 3208 1183 3282 fundavit
1216 3207 1430 3300 ecclesiam,

368 3301 454 3392 quid
473 3302 611 3378 dicatur
630 3331 650 3381 a
666 3307 829 3382 Domino
845 3331 855 3383 s
881 3312 1044 3395 Modica,
1077 3309 1218 3400 inquit,
1236 3311 1318 3399 fidei
1336 3327 1436 3406 quare

367 3399 543 3500 dubitasti?
566 3406 815 3481 Veruntamen
834 3408 916 3501 quia
936 3409 1079 3481 dicunt:
1108 3411 1232 3479 Melius
1241 3407 1357 3501 fuera!
1375 3429 1436 3477 nor

360 3497 489 3593 firvire
507 3507 703 3604 AEgyptiis,
734 3524 830 3606 quam¹
846 3512 928 3579 mati
947 3513 985 3579 in
1005 3531 1128 3596 eremo,
1162 3506 1375 3581 tentationis
1400 3503 1436 3579 bt

367 3597 570 3698 fragilitatis
583 3603 660 3681 haec
676 3607 789 3682 verba
802 3605 892 3682 sunt.
925 3605 1103 3699 Alioquin
1116 3603 1239 3679 falsum
1255 3605 1327 3693 est;
1355 3607 1439 3680 ion·

366 3720 414 3796 ge
430 3704 526 3776 enim
540 3706 667 3796 melius
688 3704 739 3780 est
758 3708 796 3780 in
815 3725 939 3784 eremo
960 3708 1076 3800 mori,
1104 3727 1207 3800 quam
1224 3703 1359 3779 servire
1371 3703 1435 3778 AE·

367 3801 516 3973 fyptiis.
565 3806 639 3901 Qui
656 3805 751 3880 enim
768 3807 947 3892 ineremo
961 3806 1137 3899 moritur,
1164 3803 1237 3878 hoc
1247 3803 1324 3900 ipso
1336 3804 1436 3896 quod

241 3821 258 4046 ³
385 3914 551 3992 eparatus
565 3902 616 3976 est
632 3905 676 3977 ab
694 3903 897 4002 AEgyptiis,
924 3903 1118 3981 &discent
1137 3905 1369 3978 arctioribus
1384 3918 1437 3977 te·

367 3999 582 4096 mebrorum,
618 4001 653 4075 be
676 4003 721 4077 de
738 4002 919 4099 potestate
937 4002 1101 4099 Satanae,
1135 4004 1259 4079 habuit
1283 4005 1439 4094 aliquem

297 4173 308 4217 ι
363 4097 597 4200 profetiam,
623 4103 773 4182 etiamn
795 4103 840 4180 ad
861 4105 1041 4203 integrum
1062 4104 1255 4200 pervenire
1270 4123 1354 4216 non·
1370 4123 1439 4196 po·

1300 4215 1385 4280 tuat
