3417 4692
404 289 406 298 ’
469 317 753 448 statera
776 347 844 426 1u
867 345 1163 434 armostai.
1282 289 1353 460 rt,

366 509 436 610 Pofl
450 512 525 583 duos
547 535 646 584 munos
664 511 785 584 dierum
800 513 889 587 vidit
913 516 1037 587 Pharao
1056 517 1230 604 sommium:
1255 539 1352 618 puta·

251 621 254 626 '
284 603 343 684 iar
355 611 392 701 se
401 609 486 710 flaie
498 609 763 710 superfluorum,
789 611 874 706 uo]
924 615 998 786 (ἷυί
1013 615 1049 689 in
1065 615 1170 691 fluxis
1195 620 1352 696 &cadu-
1446 709 1449 722 Ι

286 711 341 784 cis
363 708 590 804 confidebat,
643 707 816 785 utabatse
831 709 923 786 stare
956 734 1044 807 uper
1058 714 1229 809 fluvium,
1255 721 1352 796 unde

288 829 370 902 quae
390 797 559 884 videntur
576 831 597 882 e
625 832 646 884 e
662 809 780 883 felicia
796 811 1009 906 ascendunt,
1032 817 1174 904 quando
1192 819 1267 909 eius
1286 819 1352 892 bo·

287 929 358 982 ves
378 909 526 1006 pingues
544 903 646 984 sunt:
671 907 730 984 sed
744 911 895 984 omnino
915 911 1139 986 devorantur
1156 915 1232 990 haec
1255 919 1351 992 ade·

285 1006 495 1083 terioribus.
544 1007 630 1082 Hoc
645 1023 786 1103 autem,
809 1012 963 1106 putabar,
989 1011 1155 1086 conferes
1172 1035 1251 1090 cum
1269 1017 1350 1116 illo,

289 1107 445 1182 Putabam
462 1133 520 1179 vos
538 1109 674 1200 colligere
687 1113 871 1204 manipulos.
895 1108 946 1184 Et
962 1110 999 1183 in
1018 1108 1175 1186 secundo
1190 1113 1351 1212 somni0,

286 1207 575 1300 Quemadmodum,
600 1205 731 1302 inquit,
744 1211 791 1298 sol
803 1205 842 1284 (i
854 1211 936 1280 luna
952 1207 990 1286 (5
1006 1212 1089 1306 aftra
1104 1215 1279 1284 odorabunt
1292 1241 1350 1290 me.

286 1312 326 1376 in
340 1307 450 1397 lomna
471 1333 558 1389 meo,
591 1307 732 1399 inquit,
758 1327 828 1380 erat
855 1315 975 1396 vinea,
1004 1307 1071 1386 dte.
1097 1309 1212 1383 Pistor
1233 1333 1349 1410 verO,

287 1407 443 1578 §curabam
465 1432 512 1478 me
529 1409 598 1480 tria
616 1406 752 1504 camflmt
762 1407 890 1502 farina
904 1408 1101 1508 fumesuper
1115 1427 1209 1509 caput
1223 1437 1325 1484 meum
1335 1464 1349 1505 ,

323 1525 356 1582 c.

366 1703 542 1802 Ejusdem]
593 1703 766 1781 Narratio
797 1705 978 1803 scripturae
1000 1709 1130 1804 habet:
1161 1707 1351 1795 Putabatse

281 1802 368 1910 fian
376 1806 637 1905 superfluorum,
662 1828 739 1880 non
754 1805 858 1904 super
878 1808 989 1902 ripam
1009 1809 1184 1899 fluminis;
1210 1809 1349 1884 Pharao

262 1903 265 1907 ’
288 1918 408 1990 autem
427 1908 495 1980 ait:
521 1908 672 1978 Putabam
694 1932 742 1975 me
758 1908 838 2002 flare
851 1912 947 2004 super
965 1915 1066 2005 ripam
1075 1909 1248 2005 fluminis,
1272 1931 1350 1984 non

283 1999 390 2096 super
405 2001 567 2082 fluvium.
618 2003 795 2081 Caeterum
812 2005 987 2080 secularia
1008 2003 1159 2103 AEgypti
1181 2009 1348 2104 negotia,

285 2102 529 2177 amelioribus
546 2104 738 2197 incipiunt,
765 2127 918 2197 quorum
934 2121 1043 2198 typus
1057 2106 1106 2178 est
1120 2107 1351 2199 abundantia,

284 2199 347 2274 sed
360 2203 398 2274 in
409 2215 525 2276 amara
538 2203 714 2296 desinunt,
729 2225 884 2295 quorum
901 2205 1116 2280 abundantia
1132 2207 1165 2278 d:
1181 2207 1292 2280 fames
1308 2202 1355 2276 fi-

285 2319 382 2396 gurae
396 2297 487 2376 sum.
540 2302 661 2376 Simile
679 2304 857 2396 quidpiam
872 2306 908 2376 in
925 2302 1070 2382 historia
1085 2304 1207 2378 divitis
1226 2305 1351 2377 videre

285 2396 349 2473 est.
400 2399 527 2474 Veluti
553 2402 649 2475 enim
667 2399 801 2494 septem
827 2403 910 2476 anni
930 2404 1153 2477 abundantiae
1172 2415 1275 2476 erant
1293 2403 1351 2498 ei,

285 2497 421 2591 quippe
444 2502 504 2591 qui
529 2516 716 2596 receperat
732 2503 830 2573 bona
849 2499 908 2575 sua
927 2504 963 2574 in
988 2501 1171 2594 vimina,
1198 2504 1281 2574 dum
1296 2504 1351 2598 in·

285 2597 458 2670 dueretur
487 2621 644 2692 purpura
673 2600 707 2671 dt
735 2598 869 2692 byrro,
915 2601 949 2672 dt
978 2603 1158 2674 laetaretur
1188 2600 1352 2691 quotidie

237 2763 240 2774 .
283 2693 491 2790 splendide„
506 2697 576 2772 Sed
594 2700 670 2772 haec
689 2699 823 2770 abeunt
836 2699 870 2772 ei
883 2697 919 2771 in
937 2702 1136 2790 contraria,
1161 2699 1352 2790 reprienti

283 2796 378 2869 mala
395 2796 478 2887 post
491 2813 658 2871 mortem.
686 2795 818 2869 Similia
837 2797 1022 2871 videreest
1038 2798 1075 2870 in
1093 2800 1148 2885 iis,
1167 2798 1226 2889 qui
1242 2799 1351 2871 latam

284 2891 320 2966 dt
338 2890 525 2987 spatiosam
548 2895 796 2991 ingrediuntur
812 2899 907 2970 viam
925 2915 1078 2988 quorum
1092 2893 1171 2968 finis
1193 2897 1351 2989 perditio

285 2990 361 3083 est,
389 2992 471 3069 dum
485 2996 552 3089 iis,
576 2997 703 3087 quibus
721 2995 859 3068 initium
881 2994 932 3069 est
947 2995 1086 3068 attia&
1104 2995 1248 3089 angusta
1266 2995 1349 3088 via,

282 3087 364 3164 finis
386 3089 437 3164 est
457 3094 545 3171 vita.
581 3095 826 3192 Quamobrem
841 3118 898 3170 vae
915 3093 1059 3185 saturis,
1087 3095 1253 3182 quoniam
1276 3091 1352 3166 esu·

284 3188 402 3280 rient3
429 3190 462 3265 dt
477 3193 697 3283 ridentibus,
727 3193 897 3284 quoniam
913 3191 1065 3286 flebunt.
1091 3191 1205 3287 Beati,
1221 3193 1282 3285 qui
1298 3192 1351 3266 lu·

284 3303 374 3384 gent
390 3287 546 3388 &flent‚
573 3291 742 3386 quoniam
754 3292 817 3386 ipss
833 3294 1124 3368 consolabuntur.

360 3583 411 3664 Et
433 3615 495 3662 ecce
523 3606 678 3707 tauquam
703 3618 720 3665 e
739 3586 848 3687 fluvio
874 3588 1076 3680 ascendebant
1094 3587 1209 3761 fufium
1237 3586 1350 3681 hves,

283 3687 372 3781 dte]
424 3687 618 3766 Pharaonis
633 3688 768 3768 somnia
780 3691 900 3765 boves
914 3689 1100 3785 erant,&
1135 3692 1233 3784 picae.
1283 3687 1351 3769 Per

285 3789 467 3880 enemim,
494 3792 622 3882 quibua
648 3792 920 3882 retroceditur,
946 3790 981 3862 dr
1002 3808 1066 3884 per
1095 3788 1229 3862 uuum
1251 3787 1350 3879 ejtts,

282 3890 483 3980 pronuntia
500 3890 582 3964 data
598 3889 679 3964 sunt
693 3893 768 3989 regi
782 3889 877 3987 ligna
892 3887 1117 3963 abundantio
1133 3889 1167 3961 u
1185 3887 1299 3972 famis.

337 4092 489 4185 Origenis
518 4086 606 4163 Tum,
637 4091 681 4163 V.
929 4084 968 4161 H
1178 4086 1301 4181 Expur-
