3417 4692
333 399 406 491 1'64
499 413 551 444 „
671 371 1207 520 on1n'unrs,¹

330 561 391 634 sed
404 559 619 632 bicamerata
635 554 715 630 sunt
730 556 923 650 infestiora,
950 555 984 628 dt
1004 557 1227 629 tricamerata
1241 555 1398 653 superio·

330 682 392 751 ra,
418 657 540 730 &nidi
556 655 792 756 distinguntur
809 659 923 730 inea:
948 669 990 728 ut
1008 655 1192 750 ostendat,
1209 659 1290 748 qnia
1306 660 1339 729 de
1357 662 1396 734 in

329 757 486 831 Ecclesia
504 759 590 830 licet
610 777 735 831 omnes
755 760 848 829 intra
864 777 971 829 unam
992 753 1098 828 iidem
1116 759 1394 850 contineantur,

330 871 437 948 atque
461 854 775 948 uno'baptismate
803 855 1009 947 diluantur,
1045 875 1121 927 non
1152 869 1270 927 tamen
1301 877 1394 929 unus

331 957 497 1032 omnibus
521 969 628 1048 atque
642 954 737 1028 idem
757 953 940 1047 profedlus
965 953 1044 1047 est,
1078 953 1135 1026 sed
1159 954 1400 1046 unusquisque

328 1057 367 1128 in
394 1054 457 1127 suo
488 1055 626 1129 ordine.
677 1055 727 1129 Hi
756 1054 926 1146 quidem,
962 1054 1021 1145 qui
1050 1074 1115 1148 per
1141 1055 1392 1128 rationabilem

329 1153 510 1228 scientiam
530 1155 662 1226 vivunt
681 1154 850 1227 &idonei
873 1152 951 1227 sunt
970 1175 1045 1225 non
1059 1151 1172 1226 solum
1188 1152 1393 1244 semetipsos

328 1273 482 1349 regere,
509 1251 567 1326 sed
597 1255 631 1326 dc
656 1255 744 1326 alios
768 1254 930 1346 docere,
966 1253 1132 1342 quoniam
1155 1252 1259 1325 valde
1285 1257 1391 1343 patrci

328 1354 582 1443 inveniuntur,
608 1371 826 1445 paucorum,
842 1353 901 1446 qui
913 1373 993 1424 cum
1004 1347 1080 1446 ipso
1094 1350 1181 1422 Noe
1196 1351 1390 1444 salvantur,

329 1453 542 1544 &proxima
563 1451 595 1523 ei
613 1453 881 1544 propinquitate
899 1453 1122 1546 junguntur,
1156 1462 1283 1538 tenent
1301 1449 1391 1544 figu-

328 1557 423 1625 ram':
437 1551 525 1622 srcut
538 1549 571 1622 te
583 1551 762 1624 Dominus
773 1550 896 1624 noster
912 1571 1019 1622 verns
1028 1547 1115 1621 Noe
1123 1547 1278 1620 Christus
1290 1550 1388 1642 Jesus

327 1670 464 1746 paucos
481 1651 589 1724 habet
608 1655 816 1746 proximos,
835 1671 971 1743 paucos
984 1647 1080 1721 filios
1096 1648 1129 1718 dt
1148 1649 1388 1742 propinquos,

328 1751 389 1840 qui
400 1750 506 1821 verbi
519 1751 592 1841 ejus
603 1751 793 1843 participes
805 1749 890 1837 sint,
917 1748 1140 1842 &sapientiae
1152 1768 1310 1836 capaces.
1337 1747 1388 1822 Et

327 1850 353 1920 ii
372 1846 471 1939 sunt,
499 1852 558 1940 qui
581 1850 618 1921 in
640 1851 773 1922 summo
799 1848 910 1946 gradu
927 1848 1032 1942 positi
1056 1845 1159 1936 sunt,
1186 1847 1218 1917 de
1243 1849 1279 1917 in
1299 1848 1388 1926 surn-

327 1950 374 2020 mi
380 1959 452 2018 tate
467 1967 555 2018 arcae
574 1948 810 2022 collocantur.
846 1945 1024 2032 Ceterum
1037 1945 1232 2016 multitudo
1249 1949 1388 2019 irratio·

326 2047 484 2139 nalinm,
514 2047 573 2117 vel
591 2049 696 2118 etiam
714 2047 901 2119 bestiarum
917 2047 953 2118 in
968 2043 1194 2117 inferioribus
1219 2045 1387 2118 locis'ha-

326 2145 458 2232 betur,
486 2144 658 2217 &eorum
677 2148 847 2238 maxime,
875 2165 1028 2238 quorum
1042 2143 1194 2215 feritatis
1218 2141 1387 2217 saevitiam

325 2263 396 2314 nec
417 2240 498 2314 fidei
526 2245 680 2316 dulcedo
710 2246 878 2318 mollivit.
929 2243 1140 2337 Superiores
1165 2243 1386 2334 aliquantulo

326 2343 370 2413 ab
392 2343 443 2412 his
472 2343 573 2427 sunt,
600 2345 659 2434 qui
686 2345 773 2415 licet
798 2344 913 2418 minus
930 2343 1099 2430 rationis,
1126 2342 1314 2434 plurimum
1334 2357 1387 2415 ta·

257 2515 261 2526 ,
325 2462 407 2518 mer]
425 2441 672 2533 simplicitatis,
700 2444 986 2532 innocentiaeque
1006 2440 1220 2516 custodiunt.
1272 2440 1320 2513 Et
1334 2443 1382 2514 lic

323 2560 389 2635 pet
404 2540 558 2634 singulos
578 2543 839 2614 habitationum
860 2542 987 2638 gradus
1011 2540 1277 2613 ascendentibus
1302 2562 1384 2634 per-

323 2641 471 2712 venitur
485 2639 528 2712 ad
541 2637 651 2732 ipsum
662 2641 768 2729 Noe,
795 2643 854 2733 qui
871 2644 1126 2732 interpretatur
1144 2641 1298 2732 requies,
1320 2643 1382 2713 vel

320 2739 455 2829 jutius,
483 2739 543 2830 qui
560 2739 610 2812 est
631 2739 727 2833 Jesus
750 2739 919 2814 Christus.
971 2741 1101 2832 Neque
1119 2741 1263 2812 enimin
1282 2741 1381 2814 illum

322 2836 410 2909 Noe
429 2841 626 2930 convenit,
659 2841 756 2930 quod
774 2841 861 2912 dicit
881 2840 1038 2912 Lamech
1062 2852 1164 2933 pater
1187 2841 1286 2928 ejus:
1317 2843 1381 2910 Hic

322 2945 425 3027 enirn,
453 2937 589 3028 inquit,
621 2946 757 3036 requiem
777 2940 862 3011 dubit
882 2939 970 3008 nobis
989 2940 1028 3007 ob
1045 2937 1180 3032 operibus
1201 2939 1317 3034 nostrie
1339 2941 1381 3014 U

320 3038 496 3132 interstitiis
509 3063 657 3108 manuum
675 3041 870 3135 nostrarum,
895 3038 933 3114 dl
949 3067 968 3107 a
984 3054 1090 3122 terra,
1108 3062 1201 3134 quom
1212 3037 1379 3112 maledixit

321 3142 483 3207 Dominus
507 3140 606 3208 Deus.
659 3139 860 3237 Quomodo
887 3139 981 3211 enim
1003 3155 1130 3210 verum
1156 3138 1246 3228 erit,
1279 3137 1379 3228 quod

317 3236 378 3307 illc
395 3236 482 3307 Noe
503 3237 662 3326 requiem
689 3238 827 3310 dederit
848 3239 898 3309 illi
921 3237 1106 3327 Lamech,
1132 3239 1192 3307 vel
1214 3239 1391 3330 populo,

319 3337 379 3424 qui
399 3351 485 3404 tunc
505 3335 702 3407 habebatur
726 3340 762 3408 in
788 3339 915 3428 terris,
948 3337 1009 3407 vel
1031 3335 1217 3427 quomodo
1237 3359 1256 3406 a
1274 3337 1379 3410 tristi·

316 3434 374 3504 tiis
397 3433 429 3504 de
449 3433 574 3503 labore
596 3435 759 3508 sellatum
776 3435 827 3508 est
846 3436 1068 3528 temporibus
1082 3432 1190 3526 Noe,
1216 3438 1275 3507 vel
1289 3456 1392 3526 quo·

314 3530 428 3605 modo
452 3534 605 3604 ablatum
627 3533 677 3605 est
701 3533 923 3608 maledittum
944 3545 1071 3625 terrae,
1106 3535 1203 3625 quod
1229 3536 1375 3607 dederat

313 3632 514 3720 Dominus,
540 3635 599 3704 ubi
615 3635 736 3726 potius
754 3632 933 3706 iracundia
951 3633 1073 3706 diuina
1088 3635 1202 3723 major
1223 3634 1386 3712 ostendi·-

311 3743 391 3824 tur,
419 3731 623 3803 &refertur
641 3734 759 3805 dicere
781 3732 898 3805 Deus:
927 3735 1059 3805 Paenitet
1075 3757 1139 3819 me,
1155 3737 1233 3828 qued
1241 3732 1309 3824 feci
1318 3737 1374 3804 ieo-

261 3911 263 3918 ,
309 3838 426 3902 minem
444 3831 542 3925 super
566 3827 714 3902 terrem?
745 3831 795 3903 Et
815 3835 944 3905 iterum
971 3831 1079 3903 dicit:
1119 3833 1231 3902 nereio
1251 3859 1372 3903 ornnem

260 3945 263 3976 ³
307 3953 458 4018 carnem,
484 3955 550 4026 quae
567 3931 708 4027 eflfieper
726 3948 857 4004 terram.
909 3928 958 4001 Et
975 3930 1076 4022 super
1094 3934 1214 4004 omnia
1233 3932 1375 4008 summae

307 4027 453 4101 offensa
468 4029 637 4106 indicium
651 4032 817 4106 interitus
834 4029 1038 4106 viventium
1057 4030 1169 4106 datur.
1222 4031 1259 4102 Si
1278 4051 1372 4108 vero

845 4165 866 4175 ··
1215 4131 1320 4228 respi-
