3417 4692
453 431 520 509 sss
545 405 1230 511 ossssrlrirommmx.-
1288 437 1358 530 iss

303 593 339 667 o
362 612 463 668 raros
487 591 679 668 observare
704 592 889 669 solemnes.
941 591 991 666 Et
1011 594 1095 668 ideo
1117 595 1160 670 ad
1187 617 1250 671 eos
1275 596 1363 671 dicit

305 693 433 789 Delu,
461 696 541 787 quia
566 702 742 765 neomenias
763 696 906 789 vestros,
925 694 969 770 U
987 696 1117 783 sabbata
1140 696 1178 772 ci
1188 701 1276 768 'diem
1296 727 1364 788 mo,
1391 730 1398 737 ·
1433 753 1436 758 -

302 820 400 892 gisum
419 821 483 866 non
494 795 657 893 substineo.
679 796 682 805 ⁴
700 796 872 892 Jejunium
892 793 931 871 (ὅ
944 794 1049 886 ferias
1068 795 1107 873 ἅ
1125 800 1189 868 dies
1199 783 1293 893 festos
1310 825 1364 869 ve.

299 900 379 995 jlros
394 901 458 965 olii
476 906 586 965 anima
605 921 680 967 mea.
733 891 823 966 Odit
842 913 930 990 ergo
945 893 1045 967 Deus
1068 918 1152 987 eos,
1175 900 1234 990 qui
1252 893 1363 974 unum'

307 999 400 1071 diem
413 1007 540 1089 putant
552 994 677 1069 festum
693 994 784 1066 diem
799 991 868 1070 esse
881 995 1041 1068 Domini.
1068 994 1252 1071 Christiani
1264 997 1364 1073 omni

308 1100 366 1171 die
389 1117 511 1168 carnes
537 1096 615 1190 agni
635 1094 855 1186 comedunt,
892 1094 996 1167 idest
1024 1117 1146 1169 carnes
1164 1098 1269 1169 verbi
1292 1098 1365 1174 Dei

310 1196 471 1292 quotidie
501 1192 652 1268 sumunt.
710 1195 825 1279 Pascha
848 1201 934 1265 mim
962 1196 1097 1290 nostrum
1123 1200 1300 1268 immolatus
1327 1198 1367 1292 est

313 1295 467 1393 christus.
520 1293 569 1364 Et
587 1295 667 1385 quia
683 1295 741 1367 lex
760 1291 898 1368 Paschae
911 1297 990 1367 talis
1008 1295 1081 1391 est,
1100 1311 1148 1369 ‘ut
1163 1300 1198 1369 in
1217 1293 1367 1390 vespera

258 1432 260 1436 ·
309 1396 545 1471 comedatur,
578 1407 771 1487 propterea
794 1394 831 1465 im
858 1394 1008 1486 vespera
1030 1398 1152 1470 mundi
1178 1393 1292 1489 pallus
1315 1393 1366 1471 est

302 1496 506 1582 Dominus,
533 1507 574 1564 ut
591 1498 631 1563 t'u
646 1491 781 1586 semper
792 1494 981 1566 manduces
997 1493 1042 1566 de
1060 1498 1222 1569 carnibus
1241 1498 1365 1590 verbi,

311 1596 393 1686 quia
417 1592 551 1685 semper
577 1593 615 1663 in
640 1590 787 1686 vespera
813 1615 874 1685 es,
899 1591 1082 1685 usquequo
1105 1597 1229 1669 veniat
1251 1617 1365 1671 mane.

308 1691 358 1767 Et
377 1692 401 1765 s1
420 1694 457 1764 in
477 1693 543 1765 hac
564 1690 711 1785 vespera
731 1690 903 1764 sollicitus
931 1692 1061 1790 fueris,
1097 1696 1190 1768 &in
1211 1694 1298 1766 fletu
1323 1691 1365 1766 ao

303 1792 472 1890 jejuniis,
499 1805 605 1881 atque
629 1793 727 1864 omni
751 1792 876 1864 labore
898 1792 1040 1884 justitiae
1064 1797 1176 1869 vitam
1196 1792 1365 1888 duxeris,

307 1894 445 1988 poteris
464 1891 498 1962 &
511 1906 551 1963 tu
566 1891 702 1965 dicere:
729 1894 779 1962 Al
793 1894 948 1987 vesperam
962 1883 1173 1978 demorabitur
1179 1893 1297 1992 fletus,
1324 1892 1364 1969 U

305 1993 348 2062 'ad
362 1995 572 2060 maturiorum
587 1993 712 2061 latitia.
763 1990 956 2063 Laetaberis
984 1995 1075 2067 enim
1098 2017 1225 2080 mane,
1258 1993 1293 2066 id
1314 1989 1365 2068 est

307 2095 344 2165 in
365 2089 654 2182 saeculolorum,
680 2090 755 2163 siin
772 2091 846 2166 hoc
862 2090 989 2165 saeculo
1008 2092 1157 2168 stolium
1170 2092 1310 2185 justitie
1327 2094 1372 2192 im

307 2191 397 2265 fletu
420 2189 597 2262 &labore
622 2191 820 2284 collegeris.
873 2191 1009 2264 Venite
1033 2191 1169 2292 ergo&
1193 2194 1366 2266 vos-dum

310 2306 450 2381 tempus
465 2287 528 2378 est,
541 2290 701 2360 bibamus
716 2290 759 2359 do
773 2307 885 2383 puteo
900 2292 1058 2396 visionis,
1070 2294 1130 2365 ubi
1143 2289 1238 2365 isaac·
1251 2291 1379 2390 deam·-

307 2391 474 2479 bulabat,
502 2391 535 2459 ἀ
560 2390 621 2459 ubi
648 2390 815 2481 procedit
835 2390 877 2460 ad
904 2393 1123 2466 exercitium.
1177 2389 1364 2484 Observa,

304 2504 439 2581 quanta
466 2500 635 2581 geruntur
659 2488 702 2563 ad
726 2509 843 2578 aquas.
894 2486 943 2561 Et
965 2504 1004 2561 tu
1022 2491 1185 2562 inviteris
1204 2489 1366 2580 qnotidie

308 2589 435 2661 venire
457 2585 499 2657 ad
523 2608 627 2678 aquas
651 2587 752 2658 verbi
777 2587 873 2686 Dei,
900 2590 934 2660 &
957 2589 1102 2663 assistere
1125 2592 1242 2683 puteis
1266 2591 1365 2684 ejus,

307 2689 397 2763 ficut
426 2687 577 2759 faciebat
602 2686 790 2777 Rebecca,
824 2685 870 2758 de
895 2708 962 2777 qua
989 2688 1138 2761 dicitur:
1179 2693 1276 2781 Virgo
1296 2703 1366 2759 erat

309 2793 415 2859 decora
431 2786 523 2855 valde
538 2783 576 2860 (5
595 2789 650 2855 vir
667 2809 732 2855 non
750 2805 933 2880 cognoverat
949 2813 1025 2864 eam.
1054 2791 1101 2861 Et
1115 2789 1199 2877 iras,
1225 2785 1366 2882 inquit,

308 2891 389 2960 exiit
397 2886 466 2971 sero
482 2886 612 2954 haurire
628 2909 753 2980 aquom.
1345 2907 1356 2970 j

312 2995 318 3008 '
385 3010 418 3073 4.
444 2984 526 3056 Nec
542 2984 614 3056 hoc
633 2984 757 3058 frustra
784 2986 950 3079 scriptum
972 2987 1022 3061 est
1050 2989 1094 3062 de
1112 3010 1163 3064 ea.
1215 2987 1367 3070 Verum,-

308 3101 428 3160 tamen
443 3087 571 3157 movet
585 3107 662 3179 me,
679 3086 772 3176 'quid
789 3085 859 3178 est,
883 3088 980 3180 quod
995 3089 1147 3174 dicitur:
1172 3090 1267 3181 Wrgo
1280 3081 1370 3169 nom

303 3196 443 3257 olrmn
459 3202 641 3277 cognoverat
655 3210 740 3257 eom:
768 3189 861 3278 quasi
882 3208 974 3259 vero
996 3188 1088 3260 aliud
1109 3188 1150 3260 srt
1176 3188 1282 3282 virgo
1304 3183 1369 3259 nili

310 3308 413 3378 quam
432 3285 488 3354 vir
506 3305 581 3356 non
605 3285 769 3382 contigit.
810 3285 870 3357 -Et
887 3287 970 3377 quid
996 3288 1056 3359 libi
1074 3287 1217 3359 videtur
1238 3283 1370 3358 addita'·

308 3398 469 3460 mentum
486 3384 523 3454 in
535 3383 730 3477 virginem,
747 3397 788 3456 ut
801 3387 956 3475 dicatum·
971 3387 1052 3478 quia
1067 3388 1124 3457 vir
1140 3407 1214 3459 non
1234 3405 1370 3482 cogno-

307 3497 416 3556 verat
434 3481 539 3554 eam?
566 3480 625 3553 Est
647 3484 740 3555 enirn
757 3483 871 3575 aliqua
889 3486 1017 3579 virgo,
1046 3506 1150 3576 quam
1175 3483 1371 3579 contigerit

308 3584 395 3655 vir?
422 3582 521 3673 Sae'pe
537 3582 607 3671 jam
625 3582 717 3673 dixi,
738 3585 835 3673 quod
845 3585 881 3655 in
897 3583 951 3656 his
964 3605 1039 3657 noo
1058 3584 1211 3657 historiae
1226 3587 1371 3656 narrari·
1473 3639 1476 3646 .

309 3699 396 3776 tur,
432 3680 677 3771 sed'mysteria
705 3694 960 3756 contexuntur.
1011 3683 1104 3757 Tale
1128 3705 1215 3779 ergo
1236 3684 1272 3753 in
1298 3684 1372 3753 hoc

312 3781 443 3873 aliquid
460 3780 606 3855 indicari
620 3796 723 3879 puto.
773 3781 875 3867 Sicut
890 3781 1047 3855 Christus
1067 3784 1190 3855 animae
1210 3783 1267 3853 vir
1287 3779 1371 3852 dici·

310 3898 391 3971 tur‚
418 3883 476 3954 cui
491 3880 593 3950 nubit
612 3881 724 3951 anima
743 3882 943 3956 cum'venit
961 3881 1003 3953 sd
1026 3879 1155 3954 fid'emr'
1174 3881 1225 3952 ita
1240 3879 1274 3951 &
1288 3880 1373 3951 huie
1474 3965 1476 3972 Ι

312 3984 513 4064 contrarius
528 3979 585 4055 vir
602 3981 661 4051 ille
685 3978 757 4069 est,
787 3983 843 4053 cui
858 3980 962 4051 nubit
980 3982 1095 4054 anima
1115 4000 1196 4053 eum
1218 3980 1374 4072 declinet

312 4082 356 4156 ad
378 4077 572 4178 perfidiam.
622 4078 698 4175 lpse
718 4080 808 4177 ille,
836 4080 896 4258 qupi
918 4078 951 4150 δι
976 4080 1138 4158 inimicus
1159 4082 1271 4156 homo
1290 4078 1378 4149 <liei-
1423 4107 1436 4116 ·
1474 4159 1476 4164 ,

927 4201 945 4282 5
1262 4189 1365 4261 xor}
