3417 4692
500 413 1199 531 senueraru-o‘ruusrm.
1314 413 1376 543 'n

315 610 412 686 cium
435 662 450 700 ,
496 606 640 700 quando
669 621 740 678 erar
761 612 901 677 emnium
928 608 1123 677 credentium
1143 631 1195 679 eor
1212 605 1253 684 U
1272 612 1384 680 anime

315 737 397 785 ena.
430 708 560 799 Sicque
575 704 781 800 scripturam
799 705 993 780 observans
1009 705 1197 800 invenies,
1221 705 1383 782 ubicum-

316 831 388 903 que
407 806 458 881 est
470 806 663 880 multitudo
677 807 834 898 numeri,
847 806 1054 897 ubicunque
1067 806 1118 880 est
1127 806 1287 899 schisma,
1305 808 1384 879 ubi·

319 929 464 1000 cunque
479 905 529 978 est
541 904 667 978 divino
687 905 720 979 δι
738 903 912 978 discordia
931 906 1046 981 &alia
1063 904 1285 999 huiusmodi,
1310 927 1383 980 ma·

317 1009 404 1082 litiae
426 1005 495 1080 eise
513 1004 663 1093 indicia;
699 1006 759 1077 ubi
780 1026 872 1077 vero
894 1006 1012 1079 unitas
1036 1007 1069 1079 dt
1094 1006 1318 1099 concordia,
1345 1005 1404 1078 dt.

317 1110 432 1184 multa
452 1107 508 1177 vis
531 1107 567 1176 in
585 1104 727 1199 verbis,
749 1104 798 1177 ibi
816 1105 961 1177 virtutis
982 1103 1052 1179 esse
1068 1106 1209 1183 indicia.

400 1210 558 1301 Vixirqne
573 1196 702 1276 Tharra
706 1206 909 1299 septuaginta
923 1211 1031 1293 armis,
1045 1207 1084 1282 U
1086 1212 1199 1298 genuit
1214 1207 1332 1277 Abram
1344 1206 1385 1282 O*

318 1302 798 1398 MedoroArmm.]Patrem
806 1306 920 1400 gentis
930 1307 1145 1378 celebrantis
1154 1305 1385 1382 festivitatem

317 1403 552 1478 hebdomadae
569 1405 693 1498 genuit
708 1403 848 1476 Tharra
862 1401 1160 1501 septuagenarius.
1186 1404 1293 1478 Haud
1311 1403 1384 1478 scio

319 1505 462 1592 irritem,
479 1524 522 1573 an
538 1516 612 1574 tres
628 1507 847 1597 tergeminos
863 1506 1037 1599 genuerit.
1065 1501 1184 1576 Aliter
1200 1503 1293 1578 enim
1310 1502 1386 1598 sep·

321 1603 546 1696 tuagenarius
562 1623 642 1676 cum
658 1600 764 1695 esset,
789 1623 866 1675 non
882 1602 1052 1696 potuisset
1066 1624 1110 1677 ex
1123 1624 1193 1676 una
1206 1604 1313 1677 trium
1323 1625 1385 1697 pa·

319 1715 376 1775 ter
389 1699 479 1775 fieri.
517 1700 635 1774 Sed&
650 1704 769 1793 plures
783 1721 859 1773 non
875 1700 1081 1774 referuntur
1097 1703 1172 1794 ejus
1187 1720 1332 1778 uxores.

398 1802 444 1871 Et
453 1802 608 1889 deseendit
620 1803 737 1871 Abram
751 1805 786 1869 in
800 1803 997 1896 AEgyprum,
1021 1817 1057 1871 ur
1065 1807 1318 1895 peregrinaretur
1329 1803 1385 1888 ibi,

321 1905 474 1998 quoniam
496 1901 682 1970 invaluerat
698 1900 801 1991 samer
814 1901 909 1994 snper
922 1897 1072 1995 terram]
1108 1898 1289 1974 Abraham
1306 1920 1386 1975 non

320 2003 360 2072 in
379 1999 544 2095 AEgypto
561 2000 766 2089 habitabat,
793 1998 852 2072 sed
874 2003 1188 2097 peregrinabatur,
1213 2001 1384 2093 quoniam

321 2100 527 2172 invaluerat
549 2099 659 2171 fames
677 2098 778 2190 super
794 2114 936 2173 terram.

402 2200 577 2269 Cinnam·
592 2216 697 2269 aurern
717 2197 755 2274 (5
778 2200 938 2269 Piereaaei
960 2215 1038 2268 runc
1060 2198 1253 2270 babitabant
1266 2202 1304 2269 in
1322 2214 1386 2271 rer·

322 2295 393 2391 ea]
445 2296 634 2372 Chananaei
660 2313 790 2391 utpote
815 2300 896 2369 mali
922 2298 1151 2388 habitabant,
1186 2318 1264 2371 non
1284 2317 1386 2391 pere·

323 2399 584 2495 grinabantur,
616 2397 654 2470 in
678 2411 784 2472 terra.
835 2396 928 2470 Mali
951 2399 1072 2489 itaque
1097 2397 1283 2492 habitant,
1307 2417 1388 2472 non

323 2496 620 2592 peregrinantur,
645 2497 682 2567 in
703 2510 810 2570 terra.

338 2627 341 2634 ·
374 2601 414 2667 Si
423 2597 728 2692 ruadftnrflrem,ega
740 2600 781 2665 nd
791 2597 971 2681 dexteram
980 2596 1006 2688 fi
1013 2613 1049 2666 ru
1058 2596 1098 2665 ed
1110 2597 1280 2682 dexteram,
1289 2597 1386 2689 egem

323 2696 494 2793 finiflmm
509 2691 595 2788 de]
624 2691 693 2766 Etsi
708 2693 886 2766 Abraham
899 2717 970 2786 prae
979 2693 1245 2769 mansuetudine
1255 2696 1387 2793 eligen-

325 2796 358 2868 di
372 2793 586 2886 potestatem
600 2793 688 2865 fecit
699 2793 847 2879 Lotho;
868 2791 1128 2866 observandum
1141 2793 1191 2868 est
1207 2815 1301 2882 eum,
1324 2794 1387 2885 qui

329 2896 452 2986 elegit,
465 2892 526 2965 suo
538 2891 759 2966 desestunon
770 2892 855 2984 frui,
872 2891 970 2966 illum
983 2908 1114 2985 autem,
1125 2896 1184 2985 qui
1196 2894 1388 2986 optionem

327 2991 447 3081 dedit,
465 2990 689 3065 benedidum
707 2994 863 3084 habere,
885 2992 987 3085 quod
1004 2992 1065 3066 srbi
1086 2992 1246 3067 relietum
1263 2991 1324 3068 est.

405 3095 567 3190 Dixitque
593 3096 681 3163 Dens
702 3096 742 3163 ad
766 3090 884 3163 Abram
911 3091 1069 3190 postquam
1089 3092 1321 3189 separareris
1349 3092 1388 3163 ei

328 3191 391 3289 ipsi
408 3195 499 3264 'lert
526 3191 644 3285 respice·
655 3194 749 3262 oeulis
768 3197 857 3279 reis,
882 3188 923 3266 (i
935 3193 1045 3263 videa
1063 3193 1148 3284 laco,
1174 3198 1212 3263 in
1224 3214 1285 3290 qno
1297 3216 1388 3263 nnnc

327 3317 377 3372 er,
403 3293 444 3360 ad
461 3292 637 3388 aquilonem
654 3291 694 3368 θ
709 3293 887 3382 meridiem,
913 3291 953 3367 U
971 3294 1012 3361 ad
1031 3297 1210 3381 orientem,
1236 3292 1272 3367 (3
1288 3295 1328 3364 ari
1341 3317 1389 3363 oc·
1425 3293 1429 3301 '

327 3395 498 3476 ridentem,
524 3397 673 3486 queniam
691 3415 809 3462 omnem
837 3407 976 3479 terram,
1010 3415 1104 3487 quern
1126 3408 1162 3461 tu
1184 3394 1301 3481 arides,
1329 3394 1389 3463 ribi

327 3486 433 3582 sain]
462 3492 535 3585 Qui
551 3490 678 3561 virtuti
697 3490 783 3562 dant
804 3499 973 3582 operam,
998 3510 1062 3562 eos
1087 3490 1280 3582 sequitura
1302 3491 1387 3565 Deo

327 3587 544 3664 consolatio.
597 3587 785 3680 Postquam
803 3590 992 3681 optionem
1012 3591 1110 3663 dedit
1125 3590 1249 3679 fratri,
1276 3590 1390 3665 &ille

328 3691 584 3763 amoenissimam
600 3689 858 3762 &uberrimam
874 3692 981 3784 elegit
993 3691 1198 3784 regionem,
1226 3692 1389 3785 apparuit

327 3788 431 3863 Deus
450 3789 675 3878 Abrahamo,
703 3789 802 3877 cuius
817 3788 966 3861 animam
981 3791 1104 3874 ¹verbis
1122 3787 1390 3881 consolatoriis,

331 3889 366 3961 br
386 3890 490 3961 bonis
514 3887 799 3979 promissionibus
819 3890 1024 3978 recreavit,
1058 3888 1321 3980 propemodum
1340 3888 1391 3959 di·

322 4010 441 4061 eens:
466 3987 616 4062 Terram
635 3988 728 4059 hanc
745 3989 922 4061 minimam
941 3987 975 4059 dr
991 3986 1181 4062 senfibilem
1203 3987 1391 4060 contemsr·
1442 3969 1463 4056 ,i

330 4084 394 4177 st'i3
421 4111 491 4198 ego
505 4090 572 4164 tibi
582 4087 676 4161 dabo
687 4082 953 4163 mansuetorum
961 4094 1118 4187 terranis,
1131 4107 1212 4184 (με
1223 4086 1399 4162 eb'mre·

829 4185 865 4266 'F
894 4209 915 4285 5
985 4195 988 4200 ’
1257 4188 1378 4286 grone
