3417 4692
324 411 402 504 434
631 379 1058 475 ,ottioijnls

326 575 405 630 non
432 549 628 628 efficiantur
655 550 692 622 in
721 569 836 644 poena.
889 550 984 649 Quia
1005 567 1094 644 ergo
1113 544 1329 646 misericors
1353 543 1402 618 est

326 653 529 741 Dominus,
556 649 944 722 &omnes-homnurvulr
961 650 1164 739 [aivenficri,
1192 659 1402 742 propterea

328 753 436 837 dicit,
468 751 652 846 Vifitoboin
668 756 763 844 virga
777 748 893 822 ferrea
905 750 1057 842 facinora
1070 772 1195 834 eorum,
1221 747 1267 823 (Ἰ
1280 755 1321 816 in
1332 747 1402 844 fla·

245 925 249 942 ,
325 857 413 948 gadis
424 869 548 950 putata
566 874 680 923 eorum.
734 843 987 934 Misericordiam
1005 865 1111 920 autem
1132 873 1232 918 meam
1253 869 1402 922 notauit·

245 945 249 964 '
321 953 430 1048 seram
444 954 482 1021 ab
497 955 553 1028 eis.
605 948 735 1023 Visrtat
747 969 834 1045 ergo
854 948 1031 1021 Dominus
1045 947 1197 1038 animas,
1223 945 1402 1040 &requi-

327 1053 403 1144 rit,
430 1072 515 1141 quas
541 1048 604 1121 iste
629 1048 786 1141 peffimus
811 1046 1034 1141 persuasione
1055 1048 1194 1143 peccati
1223 1048 1399 1142 genuerit

328 1167 457 1247 pater,
485 1148 676 1221 &dicitad
694 1142 978 1240 unamquamque
991 1166 1132 1239 earum,
1158 1149 1346 1238 Audiafiiia
1359 1145 1399 1224 d]

318 1255 406 1339 ,vira
424 1250 461 1325 (5
479 1252 602 1318 inclina
619 1272 725 1319 aurem
738 1264 845 1331 tuam,
872 1249 911 1324 (5
928 1247 1109 1336 obliviscere
1117 1247 1269 1342 populien
1285 1263 1395 1344 tuum,

329 1349 368 1436 ο
392 1354 511 1417 domum
530 1353 632 1445 patris
649 1355 698 1417 rui
759 1347 890 1420 Visrtat
908 1368 995 1444 ergo
1017 1361 1054 1419 te
1074 1343 1155 1441 post
1170 1362 1392 1444 peccatum,

329 1449 364 1524 dt
385 1461 595 1522 commonet
616 1462 673 1538 te,
701 1446 787 1519 &in
803 1445 991 1543 flagello&
1010 1448 1109 1542 virga
1122 1462 1159 1519 te
1180 1449 1302 1519 visitat
1322 1469 1396 1543 pro

328 1564 507 1643 peccato,
535 1547 632 1637 quod
657 1548 720 1618 tibi
741 1559 843 1640 pater
860 1547 1024 1620 diabolus
1042 1544 1218 1642 suggessit,
1245 1562 1289 1619 ut
1308 1549 1395 1622 red·

331 1647 392 1720 dat
413 1649 477 1719 tibi
495 1648 579 1718 iilud
594 1647 630 1719 in
648 1647 777 1737 sinum,
803 1645 922 1739 idest,
949 1647 1031 1720 dum
1045 1648 1082 1717 in
1098 1666 1255 1737 corpore
1275 1645 1393 1744 degis.
1433 1691 1436 1696 -

328 1742 379 1819 Et
391 1739 437 1819 src
454 1750 677 1840 completur,
693 1745 792 1817 reddi
809 1760 956 1837 peccata
967 1760 1106 1838 patrum
1120 1746 1155 1816 in
1170 1743 1281 1818 smum
1294 1743 1394 1820 filio·
1435 1815 1438 1824 .

329 1865 408 1936 rum
432 1851 468 1918 in
493 1849 632 1918 tertiam
657 1845 688 1916 dt
715 1859 874 1935 quartam
892 1847 1111 1940 progeniem.
1163 1843 1394 1921 Dcus'enim

330 1947 450 2020 zelans
466 1926 530 2038 est,
546 1944 751 2035 dammam,
768 1964 871 2034 quam
887 1945 946 2017 iibi
960 1941 1147 2035 despondit
1159 1944 1195 2014 in
1209 1938 1294 2032 srde,
1312 1965 1396 2020 non

330 2047 413 2117 vult
429 2047 522 2118 iilam
540 2051 749 2136 permanere
769 2042 805 2116 in
821 2043 1128 2116 contaminatione
1143 2042 1283 2134 peccati
1293 2064 1303 2114 a
1331 2043 1394 2118 sed

329 2146 413 2215 vuit
439 2167 515 2215 eam
544 2144 619 2214 cito
637 2143 806 2237 purgari,
833 2144 913 2212 vuit
933 2164 1008 2213 eam
1028 2144 1205 2214 velociter
1230 2143 1393 2233 abjicere

331 2263 458 2313 omnes
477 2241 712 2313 immunditias
728 2237 826 2327 suas,
852 2240 949 2312 srcui
968 2239 1067 2313 forte
1085 2237 1238 2332 subjecta
1257 2240 1319 2315 est.
1353 2242 1392 2315 si

329 2361 424 2412 vero
444 2353 629 2431 permanet
649 2342 685 2411 in
704 2340 886 2431 peccatis,
914 2339 1066 2412 &dictat
1097 2337 1186 2412 Non
1205 2340 1391 2416 audiemus

330 2460 465 2510 vocem
496 2440 672 2529 Domini,
703 2437 760 2512 sed
791 2438 962 2512 facientes
986 2439 1153 2512 faciemus
1177 2442 1390 2520 voluntates

330 2538 493 2629 nostras,
522 2537 797 2619 &incendemus
813 2543 929 2632 ignem
949 2542 1078 2634 reginae
1102 2540 1199 2619 coeli,
1225 2538 1389 2613 sicutex·
1450 2549 1453 2560 '

323 2640 525 2732 probratur
542 2653 606 2728 per
628 2636 865 2730 Prophetam:
893 2652 978 2711 tunc
998 2637 1181 2710 servantur
1200 2638 1307 2711 etiam
1327 2641 1391 2734 ipsi

334 2740 377 2812 ad
401 2737 496 2810 illam
517 2734 693 2830 sapientiae
718 2738 953 2830 sententiam,
981 2758 1058 2828 quae
1085 2738 1193 2810 dicit:
1225 2740 1390 2830 Quoniam

332 2838 456 2936 quidem
478 2838 638 2921 vocatam,
666 2838 704 2909 (Ἰ
725 2860 786 2904 non
807 2836 1031 2923 obaudiebant,
1051 2838 1104 2925 sed
1124 2838 1307 2907 irridebatis
1321 2840 1391 2927 ser·

333 2949 438 3008 annes
463 2955 564 3009 meost
600 2939 707 3030 itaque
733 2936 771 3009 (5
791 2956 839 3028 egr
858 2934 963 3031 vestra
983 2941 1157 3031 perditioni
1170 2938 1389 3032 superridebor
1459 3013 1462 3018 ,

332 3033 395 3109 vei
419 3038 513 3108 iiiam
535 3055 611 3125 quae
635 3033 748 3127 posita
771 3034 821 3106 est
847 3035 915 3108 iliis
940 3035 975 3107 in
997 3035 1218 3131 Evangelio,
1245 3036 1389 3112 dicente
1459 3061 1463 3078 ¹

333 3136 518 3210 Domino:
554 3135 709 3220 Discedire
729 3162 748 3204 a
769 3160 814 3219 na
840 3142 989 3228 inignem
1010 3154 1180 3220 aternum,
1206 3161 1296 3229 quem
1311 3160 1390 3234 prae·
1461 3179 1464 3192 =

333 3242 469 3334 paravit
488 3237 575 3304 Deus
591 3233 720 3314 diabolo,
747 3231 912 3326 &angelis
926 3239 1002 3329 ejus.
1054 3232 1135 3331 Ego
1147 3238 1239 3327 opto
1251 3251 1293 3308 ut
1306 3237 1391 3313 dum

335 3337 373 3409 in
388 3334 461 3406 hoc
474 3331 601 3404 saecttio
620 3332 713 3424 sum,
738 3332 858 3405 visitet
874 3332 1051 3405 Dominus
1067 3348 1216 3426 peccata
1228 3343 1328 3422 mea,
1356 3337 1392 3410 dt

335 3435 395 3509 hic
420 3432 503 3505 mihi
534 3432 717 3523 restituat,
749 3445 790 3503 ut
809 3434 857 3504 ibi
882 3434 977 3505 dicat
997 3434 1101 3506 etiam
1122 3435 1166 3506 de
1190 3457 1248 3507 mc
1273 3433 1393 3510 Abra·
1462 3443 1466 3504 Ι

335 3534 438 3624 ham,
464 3531 552 3603 sicut
568 3532 656 3603 dixit
672 3532 715 3603 de
726 3552 883 3623 paupere
903 3531 1041 3605 Lazaro
1063 3534 1105 3605 ad
1122 3533 1290 3610 divitem:
1316 3541 1394 3609 Me·
1464 3567 1467 3578 ·

336 3652 440 3708 mnia
451 3633 509 3723 fili
527 3637 606 3727 quod
625 3632 754 3728 recepisit
774 3632 851 3701 bono
876 3638 912 3701 in
934 3637 1008 3702 vito
1027 3649 1103 3726 tuo,
1129 3631 1168 3709 ὕ
1188 3637 1343 3708 Lazarus
1344 3638 1393 3734 fi

311 3793 314 3800 .
336 3737 458 3808 militer
474 3736 566 3802 maia.
618 3736 719 3803 Nunc
738 3748 840 3800 aurem
857 3733 908 3801 hic
924 3733 1103 3830 requiescit,
1129 3749 1167 3805 nr
1180 3758 1256 3805 vcro
1268 3743 1394 3809 crucia·

232 3889 236 3904 .
338 3839 396 3911 ris.
447 3831 640 3923 Propterea
663 3850 750 3925 ergo
777 3849 855 3903 cum
882 3833 1114 3925 corripimur,
1149 3853 1227 3907 cum
1250 3833 1394 3932 castiga·

227 3957 237 4057 ᾗ
337 3953 417 4011 mur
438 3955 456 4003 a
473 3931 666 4022 Domina,
685 3930 841 4003 essenon
855 3930 1022 4003 debemus
1036 3933 1186 4027 ingrati,
1214 3932 1271 4006 sed
1286 3935 1394 4009 intel·

337 4039 485 4137 ligamus
502 4045 695 4126 propterea
707 4050 777 4104 nos
792 4030 830 4106 in
847 4030 1007 4124 presenti
1019 4030 1149 4105 seculo
1169 4035 1324 4128 corripi,
1350 4033 1406 4110 ut'
1469 4115 1475 4234 l

824 4165 826 4170 ·
968 4158 971 4162 ·
1109 4163 1113 4172 ·
1298 4155 1342 4209 tn

1469 4239 1484 4342 't
