3417 4692
700 380 1679 461 COMMENTARIA
1729 384 1859 461 IN
1911 385 2509 468 GENESIM.
2620 412 2710 491 19

561 547 714 622 huc
742 546 1114 638 hominum
1153 548 1406 640 trivit,
1457 548 1900 643 impietatem
1934 548 2417 643 persequimur
2441 550 2479 625 ἵ
2532 548 2714 628 Eam

563 649 835 742 quippe
869 646 1219 739 superiori
1259 648 1599 721 oratione
1624 647 2033 723 informasse
2071 648 2175 724 sat
2213 647 2338 726 est.
2402 685 2407 689 ·

721 770 788 838 3.
839 747 993 841 Jam
1044 767 1232 819 vero
1297 769 1459 821 cum
1524 751 1768 822 locum
1832 749 2032 824 illum
2097 747 2711 844 expenderemus-t

566 849 736 919 Sint
780 847 1053 942 insigna
1091 847 1486 937 luminaria,
1542 851 2137 963 quemadmodum
2176 849 2250 923 in
2295 872 2450 925 eam
2484 849 2711 945 dispu-

561 947 923 1019 tationem
959 947 1217 1041 delapfi
1256 947 1641 1041 fuerimus,
1691 950 1902 1022 nobis
1947 950 2020 1022 in
2051 965 2367 1023 mentem
2404 968 2711 1024 revoce-

559 1067 745 1120 mus,
856 1048 1002 1145 Qui
1048 1050 1169 1119 vel
1204 1050 1436 1138 aliqua
1469 1048 1556 1148 de
1589 1070 1666 1121 re
1702 1048 1860 1122 veri
1905 1070 1994 1123 ex
2030 1049 2177 1122 aliis
2222 1048 2625 1143 quidpiam
2607 1070 2714 1124 m·

561 1148 945 1232 telli1,unt
999 1149 1123 1220 vel
1153 1146 1431 1240 ipsimet
1457 1151 1561 1222 rei
1594 1148 1801 1244 gestae
1834 1151 2103 1222 oculati
2138 1135 2351 1222 testes
2384 1148 2708 1244 fuerunt,

557 1247 610 1319 ii
655 1199 991 1337 profecto
1036 1267 1186 1319 rem
1227 1248 1501 1338 aperire
1542 1248 1866 1342 fincere,
1917 1250 2339 1344 integreque
2378 1246 2708 1348 poss‘unt.

564 1345 838 1438 quippe
890 1347 1009 1437 qui
1058 1348 1182 1419 vel
1240 1347 1436 1437 quod
1487 1346 1716 1441 pass'us
1778 1351 1956 1421 alter
2004 1348 2270 1443 fuerit,
2337 1348 2460 1422 vel
2512 1343 2713 1441 quod

565 1445 762 1519 idem
794 1447 1228 1539 perfecerit,
1297 1459 1420 1519 aut
1461 1448 1689 1528 oculis
1731 1446 1853 1541 ipsi
1904 1448 2036 1521 suis
2075 1447 2522 1543 usurparint,
2586 1459 2711 1520 aut

569 1548 878 1618 aliorum
897 1598 921 1637 ,
976 1546 1096 1638 qui
1123 1558 1363 1621 tamen
1386 1547 1492 1619 rei
1520 1545 1793 1622 causam
1821 1547 2148 1622 dederint
2170 1547 2460 1634 nullam..
2514 1566 2711 1621 com·

563 1646 1099 1719 memoratione
1131 1647 1563 1741 aceeperint.
1635 1647 1819 1719 Illud
1856 1650 2040 1721 enim
2073 1645 2235 1722 sane
2268 1648 2711 1739 omittamus,

564 1743 725 1817 fieri
753 1741 981 1836 posse,
1036 1758 1122 1817 ut
1146 1747 1264 1836 qui
1293 1746 1553 1838 aliquid
1582 1749 1705 1820 vel
1730 1748 1895 1841 paffi
1926 1747 2194 1820 fuerint
2231 1748 2351 1820 vel
2379 1746 2711 1840 fecerint,

566 1865 699 1917 eos
719 1847 975 1936 etiam,
1011 1846 1132 1936 qui
1161 1843 1539 1939 praesentes
1571 1865 1729 1920 non
1750 1846 2252 1939 interfuerint,
2289 1848 2712 1920 narratione

565 1943 696 2036 ips1
737 1944 858 2016 sua
894 1947 1123 2017 totius
1165 1946 1242 2017 in
1275 1947 1378 2018 rei
1429 1946 1925 2042 cognitionem
1953 1947 2335 2022 adducant.
2437 1944 2509 2018 Si
2554 1946 2709 2037 quis

569 2064 796 2139 erga,
847 2042 1220 2137 postquam
1252 2047 1434 2118 certi
1467 2045 1731 2138 aliquid
1762 2061 1886 2119 aut
1917 2045 2233 2120 eveniss'e
2260 2044 2711 2139 quibusdam,

573 2156 704 2217 aut
744 2159 1181 2218 eventurum
1207 2143 1394 2238 esse,
1447 2147 1533 2219 ab
1580 2145 1756 2238 illo,
1804 2146 1924 2236 qui
1961 2147 2111 2239 ejus
2148 2144 2352 2219 causa
2383 2166 2538 2219 non
2581 2144 2712 2238 fit,

573 2242 950 2316 auditione
995 2246 1407 2337 acceperit,
1461 2267 1615 2318 non
1670 2246 1950 2341 cogitet
1993 2246 2181 2339 apud
2215 2246 2333 2362 se,
2403 2243 2745 2340 quisquisq

565 2362 726 2418 rem
754 2345 1147 2434 quamlibet
1173 2359 1296 2417 aut
1322 2341 1584 2441 gestam
1613 2344 1795 2438 esse,
1850 2356 1975 2418 aut
2050 2342 2270 2420 estum
2303 2346 2388 2418 iri
2408 2345 2712 2459 doceat,

565 2461 726 2517 non
761 2465 930 2517 eum
973 2443 1328 2517 continuo
1371 2443 1679 2536 eJusdem
1709 2445 1813 2518 rei
1859 2465 1993 2533 cau
2022 2466 2131 2518 am
2166 2441 2353 2517 esse:
2404 2443 2463 2518 is
2498 2440 2660 2517 sane
2684 2494 2713 2537 ,

571 2542 1005 2636 quicumque
1026 2545 1146 2617 vel
1165 2541 1428 2620 factum
1447 2544 1736 2639 aliquid,
1763 2546 1889 2618 vel
1911 2542 2232 2618 futurum
2250 2542 2391 2618 effe
2410 2544 2713 2637 aperiet,

573 2648 664 2728 ab
696 2641 958 2716 eodem
993 2658 1116 2715 aut
1144 2642 1548 2736 profecstum
1571 2644 1777 2738 illud,
1808 2656 1932 2717 aut
1954 2640 2443 2737 profecturum
2466 2645 2717 2736 opina·

572 2742 816 2833 bitur,
873 2739 1051 2816 falso
1086 2756 1328 2816 tamen
1362 2744 1816 2837 opinabitur:
1861 2742 2097 2817 veluti
2130 2742 2178 2817 fi
2219 2742 2375 2835 quis
2418 2762 2508 2815 ex
2545 2761 2717 2835 pro-

573 2843 878 2934 phetico
925 2843 1344 2937 volumine,
1397 2843 1595 2936 quod
1636 2842 1835 2937 Judae
1867 2841 2261 2936 proditoris
2304 2840 2529 2915 scelus
2572 2842 2718 2914 exi·

571 2943 900 3032 tiumque
939 2941 1366 3037 praediceret
1392 2995 1418 3036 ,
1466 2941 1784 3018 futuram
1827 2944 2057 3017 totius
2098 2940 2205 3015 rei
2231 2940 2480 3015 seriem
2508 2940 2719 3013 intel-

574 3037 900 3134 lexiffet,
921 3049 932 3072 ‘
953 3042 1282 3136 adeoque
1315 3062 1478 3116 cum
1510 3042 1645 3116 suis
1672 3040 1938 3117 fafitum
1967 3040 2191 3136 ipsum
2225 3041 2457 3115 oculis
2485 3041 2719 3113 intue-

575 3155 824 3233 retur,
849 3140 1038 3214 idem
1064 3143 1142 3213 in
1172 3143 1523 3216 volumen
1547 3141 1893 3216 facinoris
1922 3137 2196 3215 causam
2222 3161 2541 3231 omnem,
2573 3138 2720 3218 cul-

575 3260 892 3335 pamque
927 3240 1337 3316 conferret:
1391 3255 1515 3314 aut
1537 3240 1589 3315 fi
1625 3244 1857 3316 minus
1876 3244 2267 3334 volumen,
2307 3260 2470 3313 eum
2519 3253 2721 3312 certe

579 3361 622 3412 a
644 3360 795 3430 quo
821 3340 1138 3433 primum
1154 3337 1639 3436 conscriptum
1656 3339 1833 3416 illud
1858 3337 2073 3433 effet,
2113 3356 2237 3418 aut
2268 3356 2451 3413 vero
2480 3337 2721 3412 Deum

576 3435 854 3532 ipsum,
907 3438 1109 3531 cujus
1152 3438 1455 3534 impulsu
1498 3462 1581 3513 ac
1609 3440 1900 3516 numine
1930 3433 2356 3534 prodiisset,
2410 3435 2725 3531 ejusdem

579 3492 904 3633 perfidi’ae
941 3538 1308 3624 auftorem
1343 3538 1481 3614 ess'e
1518 3536 1835 3618 sentiret.
1944 3538 2570 3634 Quemadmodum
2603 3557 2721 3610 au·

579 3652 738 3712 tem
779 3641 1158 3732 conceptis
1195 3660 1280 3712 ac
1313 3638 1645 3734 disertis,
1708 3638 1761 3714 fi
1799 3661 1884 3714 ea
1918 3637 2297 3736 diligenter
2330 3637 2724 3730 expendas,

580 3723 802 3812 isti‘us-
815 3736 906 3811 de
939 3736 1121 3833 Juda
1158 3738 1560 3836 prophetiae
1596 3741 1844 3816 verbis
1877 3792 1903 3834 ,
1952 3737 2157 3814 Deus
2197 3737 2433 3812 omnis
2480 3735 2725 3830 prodi·

579 3836 808 3912 tionis
813 3838 988 3932 ejus
1012 3840 1222 3933 culpa
1249 3840 1637 3913 liberatur·
1614 3890 1640 3929 ‚
1693 3840 1911 3932 idque
1940 3859 2162 3912 unum
2189 3860 2277 3912 ex
2310 3837 2445 3910 illis
2470 3834 2727 3909 inferri
2770 3891 2779 3898 .

581 3919 877 4032 potest,
933 3938 1170 4013 Deum
1211 3941 1410 4033 quod
1447 3939 1646 4014 nulla
1677 3936 1780 4014 sui
1812 3937 2119 4014 numinis
2160 3937 2727 4028 communione,

577 4034 738 4115 sola·
769 4037 1090 4116 hominis
1126 4038 1598 4134 improbitate
1636 4037 1961 4114 futurum
1987 4037 2211 4114 scelus
2246 4051 2417 4146 ante
2453 4055 2731 4130 cogno-

1483 4137 1594 4218 Ἓ
1640 4164 1678 4215 a
2396 4152 2705 4240 verax,
2824 4223 2829 4224 f
