3417 4692
317 384 404 469 408
566 370 677 447 O
702 371 737 448 R
760 370 778 447 l
803 369 840 447 G
857 370 898 447 E
921 371 961 448 N
985 371 1003 450 1
1026 371 1082 452 S

320 536 450 612 diderit
465 533 589 608 Deus?
615 533 759 608 Hocest
768 554 881 631 ergo
905 534 1006 628 quod
1018 534 1125 608 drcrt
1151 532 1201 607 Er
1214 535 1263 605 rie
1275 537 1403 633 posuit

320 664 351 710 er
345 642 457 708 Deus
466 635 609 732 justitias
623 632 661 711 d
682 621 871 732 reflimrnia
920 634 1007 707 Hoc
1022 647 1099 707 erat
1117 634 1216 727 quod
1229 635 1264 707 &
1275 553 1385 730 Apo-

319 736 434 811 stolus
450 733 611 808 dicebat:
639 735 797 806 Habemus
817 752 922 806 autem
937 735 1118 823 thesaurum
1137 736 1250 804 bum
1236 759 1276 805 m
1295 736 1384 828 vafir

313 832 495 930 fiinibus,
520 835 744 923 resublimatur
759 839 900 905 virturis
918 838 983 905 Dei
998 834 1058 928 fir,
1083 832 1124 911 ὅ
1139 859 1204 905 nm
1223 859 1264 906 ex
1279 834 1384 906 nobis.
1400 919 1405 930 ⁸

320 934 377 1007 Ut
395 955 482 1047 ergo
506 933 610 1027 possit
627 934 705 1007 bibi
730 953 818 1047 aqua
843 935 920 1007 haec
943 932 988 1005 de
1014 932 1184 1025 Mentha,
1223 932 1386 1008 ostendit
1430 973 1432 1000 r

319 1030 424 1108 Deus
445 1033 605 1130 lignum,
631 1033 730 1126 quod
750 1034 913 1106 mittatur
931 1033 969 1104 in
984 1053 1088 1126 eam,
1113 1048 1155 1106 ut
1173 1053 1232 1124 qur
1222 1032 1385 1107 biberit

319 1135 578 1218 nemoriatur,
603 1152 679 1204 non
701 1131 967 1205 amaritudinem
982 1130 1120 1208 sentiat.
1170 1132 1279 1205 Unde
1291 1153 1386 1207 con

320 1229 410 1346 stat,
442 1231 579 1345 quodsi
594 1233 671 1324 quis
688 1230 760 1304 sme
777 1231 876 1326 ligno
889 1232 994 1322 vitae,
1022 1231 1058 1304 id
1073 1232 1143 1321 est,
1167 1231 1239 1305 fine
1251 1231 1384 1324 myste-

232 1348 237 1354 ·
319 1331 379 1403 rio
399 1332 538 1423 crucis,
569 1330 642 1404 fine
665 1327 737 1403 fide
760 1328 912 1419 Christi,
938 1328 1011 1404 sme
1029 1331 1263 1425 intelligentia
1285 1330 1386 1422 spiri·

319 1432 386 1503 tali
400 1431 524 1506 bibere
540 1431 703 1502 voluerit
717 1430 761 1502 de
779 1429 865 1524 legis
879 1428 1003 1518 litera,
1029 1450 1094 1522 per
1114 1428 1385 1505 amaritudinem

321 1529 466 1604 nimiam
487 1530 674 1602 morietur.
727 1528 815 1601 Haec
837 1528 950 1605 sciens
965 1528 1093 1601 Paulus
1113 1528 1311 1621 Apostolus
1332 1527 1387 1601 di·

323 1630 449 1720 cebat‚
476 1629 558 1721 quia
573 1631 668 1700 litera
680 1631 800 1700 occidit.
827 1626 914 1701 Hoc
928 1625 979 1700 est
994 1640 1117 1720 aperte
1133 1628 1275 1721 dicere,
1300 1628 1389 1719 quia

239 1809 241 1814 ,
322 1747 415 1822 aqua
429 1727 587 1800 Merrhae
607 1727 772 1819 occidit,
803 1725 828 1800 fi
847 1747 925 1799 non
942 1739 1079 1802 monta
1096 1727 1260 1820 bibatur,
1295 1725 1333 1801 dt
1348 1721 1411 1801 in'

299 1871 303 1878 ·
319 1825 549 1903 dulcedinem
570 1828 670 1900 versa
688 1828 808 1900 fuerit.

345 1994 350 2001 .
400 1948 433 2002 2.
461 1925 532 1998 Sed
557 1927 640 2016 quid
662 1924 830 1999 addidit?
862 1922 1052 2016 Postquam
1068 1922 1189 2020 posuit
1211 1924 1263 1997 illi
1281 1921 1390 1999 Deus

319 2021 514 2119 justitias&
527 2026 681 2117 judicia,
711 2026 829 2111 liridi,
855 2024 996 2116 inquit,
1023 2026 1248 2096 tentaturum
1263 2024 1390 2099 dicens:

324 2128 367 2197 Si
378 2127 491 2195 auditu
510 2128 648 2199 audieris
662 2149 765 2195 vocem
786 2128 923 2196 Domini
943 2125 1008 2193 Der'
1023 2130 1093 2215 tui,
1119 2121 1159 2201 (5
1176 2150 1243 2222 que
1257 2126 1393 2221 placent

323 2248 426 2296 coram
440 2227 491 2293 ido
498 2223 633 2314 feceris,
659 2224 699 2301 (7
718 2224 860 2294 audieris
874 2238 1023 2318 precepto
1040 2227 1108 2321 ejus
1125 2225 1165 2301 (7
1184 2224 1389 2322 custodieris,

324 2347 445 2396 omnem
471 2327 695 2415 infirmitatem
713 2347 807 2422 quam
828 2325 1016 2393 induxeram
1035 2325 1224 2418 AEgpptiis‚
1249 2348 1316 2394 uon
1335 2329 1391 2394 in·

324 2425 435 2495 duram
448 2421 509 2521 sup
510 2450 545 2495 er
559 2440 602 2496 te.
655 2424 721 2517 Ego
737 2429 819 2494 roim
835 2425 906 2511 sum
928 2427 1084 2494 Dominus
1107 2428 1196 2497 Deus
1211 2440 1307 2511 tuus,
1332 2428 1392 2520 qui

317 2525 400 2615 sono
417 2537 459 2598 re.
488 2444 664 2598 pVidetur
677 2524 761 2597 mihi
779 2544 851 2615 quo
873 2520 1063 2615 prospetiu
1080 2522 1168 2596 datae
1185 2523 1252 2596 srnt
1264 2520 1391 2616 justifi-

325 2624 513 2715 cationes,
541 2622 724 2737 &judicia
745 2623 778 2694 &
797 2621 999 2695 testimonia
1015 2624 1118 2716 legis
1114 2641 1322 2714 exponere,
1347 2634 1391 2696 nt

305 2721 308 2730 '
323 2734 503 2814 tentaret,
528 2723 665 2814 inquit,
693 2743 757 2794 eos
774 2721 876 2794 Deus
893 2720 918 2794 sr
934 2721 1097 2794 audirent
1116 2743 1247 2795 vocem
1260 2720 1392 2795 Domi·

324 2824 383 2913 ni,
407 2820 445 2894 ·&
464 2843 541 2913 quae
560 2822 841 2910 mandabantur,
870 2818 1102 2893 custodirent.
1160 2815 1254 2896 Nam
1280 2842 1391 2914 quan·

325 2933 403 2995 tum
416 2920 459 2993 ad
475 2921 633 3015 priorem
646 2922 820 3012 populum
838 2918 989 3011 spetiat,
1017 2919 1101 3010 quid
1115 2921 1164 2992 eis
1185 2918 1301 3011 boni,
1328 2932 1393 2991 aut

322 3017 472 3114 perfetii
489 3020 786 3094 murmurantibus
806 3018 1187 3092 &contradicentibus
1207 3019 1392 3092 mandare·
1415 3085 1418 3090 .

324 3118 411 3192 turi
445 3119 611 3209 Denique
630 3115 822 3210 paulopost
849 3118 956 3190 etiam
980 3118 1024 3189 ad
1046 3118 1143 3189 idola
1168 3139 1268 3190 cont
1270 3132 1393 3191 estun

324 3229 406 3309 tur,
435 3218 468 3289 &
493 3219 597 3290 obliti
620 3216 879 3290 beneficiorum
902 3215 935 3288 δι
959 3216 1168 3289 mirabilium
1191 3217 1263 3289 Dei
1281 3232 1393 3308 caput

324 3317 433 3388 uituli
449 3315 618 3390 statuunt.
669 3316 867 3409 Propterea
884 3336 972 3414 ergo
985 3315 1112 3386 dantur
1130 3318 1179 3387 eis
1195 3330 1410 3408 praeceptas

325 3435 364 3489 m
378 3416 505 3507 quibus
519 3428 715 3488 tententur
766 3415 852 3488 inde
867 3414 917 3485 est
930 3413 1117 3506 ,quod&
1134 3434 1198 3507 per
1215 3413 1393 3487 Ezechie-

324 3515 396 3590 lem
411 3514 625 3617 prophetam
638 3515 725 3587 dicit
744 3514 924 3588 Dominus
942 3515 984 3585 ad
1004 3533 1092 3630 eos3
1118 3515 1199 3607 quia
1214 3515 1283 3585 dedi
1300 3512 1395 3584 uobis

319 3630 501 3712 praecepta,
527 3614 566 3691 U
582 3615 826 3712 justificationes
846 3638 913 3683 non
937 3614 1052 3699 bunos,
1079 3637 1116 3682 m
1129 3614 1322 3710 quibusnam
1340 3620 1395 3683 υἱ·

325 3719 413 3785 veris
435 3721 472 3782 in
490 3718 545 3784 eis.
595 3712 744 3787 Tentati
763 3713 857 3785 enim
878 3714 915 3784 in
936 3713 1125 3805 praeceptis
1147 3712 1297 3784 Domini
1313 3733 1394 3786 nou

261 3813 561 3888 inveniuntur
577 3811 712 3888 fideles.
740 3812 828 3887 ldeo
843 3814 936 3885 enim
952 3821 1124 3883 inventum
1137 3812 1177 3907 ψ
1196 3814 1246 3884 eis
1264 3814 1396 3882 mandr-
1412 3813 1415 3820 '

325 3927 417 4001 tum,
442 3917 602 4012 quoderat
617 3917 658 3983 ad
672 3919 802 3999 vietur,
828 3913 885 3980 hoc
901 3910 954 4003 ff
965 3915 1004 3982 ad
1017 3927 1163 3983 mortem:
1188 3912 1269 4003 quia
1281 3932 1396 3985 unum

328 4028 438 4111 atque
462 4015 557 4089 idem
589 4013 795 4088 mandatum
829 4013 853 4085 st
887 4010 1074 4107 servetur,
1100 4011 1291 4185 vitamssr
1315 4031 1396 4086 non

1240 4131 1344 4185 erve-
