3417 4692
605 443 686 523 ru
733 421 1088 526 rx'onum
1304 441 1378 545 ,η’

323 623 445 704 auam
467 603 635 694 servare,
661 608 695 684 br
718 608 904 702 Sephom,
930 627 1007 708 quc
1029 606 1142 702 parur
1164 607 1375 702 interpretr-

324 719 406 794 tur‚
432 706 539 802 Legi,
566 729 643 799 quae
662 707 822 803 spiritalis
847 705 921 802 est,
947 704 1375 800 poueconferr131³hm

323 822 440 897 vero,
462 810 694 900 queramus,
715 809 775 882 vel
786 805 993 884 verecunda
1008 805 1076 900 est,
1091 807 1247 882 indicere
1254 805 1373 882 tvan-

322 904 432 998 golia,
459 925 536 998 que
548 904 676 981 Christi
689 905 853 1005 sanguine
868 908 1019 998 rubent,
1045 903 1374 1000 &peruniversum

321 1003 494 1080 mundum
512 1006 674 1100 paffionis
693 1009 766 1100 ejus
785 1006 934 1080 rutilent
950 1025 1093 1082 cruore.
1142 1004 1203 1079 Ab
1215 1005 1271 1080 his
1283 1025 1373 1102 erqo

320 1102 465 1193 tuimae,
492 1125 568 1193 quae
587 1104 777 1182 nascuntur
794 1108 830 1182 in
849 1103 1028 1199 Ecclesra,
1053 1107 1158 1179 velut
1173 1105 1372 1180 obstetrici-

319 1199 388 1276 bus
410 1201 653 1299 medicantur,
678 1207 760 1299 quir
783 1227 827 1279 ex
852 1203 1099 1304 scripturarum
1114 1203 1268 1280 lenione
1289 1225 1373 1278 cun·

322 1295 377 1375 da
387 1302 422 1373 in
438 1323 496 1378 eas
514 1305 724 1378 eruditionis
740 1305 914 1379 medicina
931 1302 1128 1382 confertur.
1168 1303 1305 1378 Tentat
1320 1317 1375 1378 ta.

321 1420 405 1475 rnen
420 1399 556 1475 Pharao
576 1425 641 1496 per
657 1405 732 1480 haec
752 1404 881 1480 necare
898 1401 1272 1496 Ecclebaemasculos,
1290 1424 1373 1478 cum

320 1496 482 1576 studiosrs
497 1502 694 1596 quibusque
710 1507 746 1579 in
762 1505 942 1599 scripturis
955 1503 1082 1578 divinis
1098 1503 1287 1578 hereticos
1300 1500 1383 1576 sen·
1455 1515 1459 1544 ²

319 1593 399 1691 sus,
425 1597 646 1692 &pervasa
666 1603 832 1700 dogmata
857 1601 1020 1700 suggerit
1047 1663 1052 1676 t
1070 1602 1140 1678 Sed
1161 1602 1229 1676 stat
1246 1603 1372 1676 immo·

317 1696 393 1772 bile
423 1698 690 1780 tundamentum
721 1703 805 1779 Dei.
852 1699 1002 1776 Timent
1032 1703 1126 1780 enim
1160 1701 1386 1777 obstetrices·

317 1792 464 1888 Deum,
498 1799 535 1873 id
562 1800 634 1897 est,
667 1802 834 1877 timorem
854 1801 925 1875 Dei
947 1802 1102 1895 docent,
1128 1802 1211 1894 quia
1234 1809 1372 1876 interum

310 1897 483 1992 sspientiae
507 1904 601 1973 timor
635 1903 779 1976 Domini.
830 1901 890 1978 sic
920 1900 1073 1993 denique
1104 1903 1370 1996 competentius

319 1999 432 2091 aptari
452 2000 597 2090 puto&
618 2002 726 2097 illud,
753 2004 852 2097 quod
872 2005 908 2077 in
925 2000 1181 2095 posterioribus
1202 1999 1373 2095 scriptum

318 2094 389 2190 est,
415 2098 477 2171 ubi
491 2099 595 2176 dicits
620 2106 710 2195 Quia
727 2105 880 2176 timebant
896 2102 1064 2199 obdetricu
1077 2103 1203 2190 mun,
1220 2099 1373 2194 suerunt

307 2194 372 2296 fibi
395 2199 503 2270 domos.
556 2201 668 2295 Quod
694 2203 824 2279 diuum
847 2203 981 2281 nullam
1005 2197 1297 2294 consequentiam
1319 2199 1371 2275 se·

318 2297 472 2374 cundum
485 2300 640 2376 litteram
656 2304 786 2379 babere
802 2300 933 2397 potest.
988 2300 1078 2400 Quis
1092 2299 1186 2376 enim
1197 2299 1291 2373 ordo
1306 2298 1372 2392 est,
1403 2333 1406 2340 ·

317 2410 361 2468 ut
378 2396 492 2479 dicat,
518 2403 607 2492 Quia
628 2402 783 2474 timebant
801 2403 972 2499 obstetrices
991 2403 1121 2482 Deum,
1144 2399 1299 2492 sererent
1308 2400 1373 2497 fibi

317 2491 444 2568 domos?
469 2500 559 2587 quasi
572 2517 765 2594 propterea
776 2501 903 2578 domus
913 2498 996 2592 fiat,
1012 2500 1093 2589 quir
1102 2499 1248 2572 timetur
1259 2497 1373 2576 Deus.

314 2591 403 2672 Hoc
422 2594 508 2668 srita
524 2600 738 2690 accipiatur,
764 2616 806 2673 ut
822 2597 1076 2692 scriptumest,
1102 2617 1177 2670 non
1194 2595 1307 2669 solum
1319 2597 1371 2670 ui·

317 2692 371 2767 hil
387 2692 668 2785 consequentior,
700 2698 758 2773 sed
775 2701 809 2770 u
826 2695 1006 2773 inanitatis
1030 2696 1219 2788 plurimum
1238 2697 1373 2767 habere

315 2792 510 2868 videbitur.
536 2793 728 2871 sinautem
741 2798 877 2886 videas,
891 2794 1077 2888 quomodo
1091 2792 1272 2888 scripture
1281 2793 1389 2866 novi·

317 2911 361 2970 tc
386 2896 519 2968 veteris
545 2894 745 2972 testamenti
767 2899 933 2976 timorem
953 2895 1023 2969 Dei
1047 2893 1223 2970 docentes
1242 2891 1379 2984 domos,

315 2986 482 3066 Ecclesrae
497 2993 648 3088 faciant,
675 3011 717 3070 ut
736 2995 939 3074 universum
965 2997 1091 3068 orbem
1111 3005 1216 3068 tene
1236 2990 1374 3064 oratio·

315 3111 403 3166 num
420 3091 583 3168 domibus
604 3097 788 3190 repleant,
813 3109 901 3168 tunc
921 3094 1020 3186 quod
1040 3091 1206 3186 scripturn
1227 3087 1297 3173 est,
1322 3109 1377 3164 re-

314 3191 538 3266 tionabiliter
561 3193 728 3288 scripturn
747 3194 942 3270 videbitur.
992 3192 1052 3266 Sic
1068 3209 1158 3290 ergo
1173 3189 1245 3264 iste
1257 3185 1376 3263 obste-

314 3290 444 3384 trices,
470 3294 552 3383 quia
569 3293 699 3370 timent
714 3293 833 3369 Deum
850 3347 864 3388 ‚
891 3291 1108 3368 &timorem
1124 3289 1196 3364 Dei
1214 3289 1376 3381 docent,
1390 3315 1393 3320 ·

315 3407 393 3464 non
407 3389 544 3466 faciunt
557 3406 776 3489 preceptum
796 3393 890 3490 regis
903 3389 1079 3490 AEgypti‚
1106 3387 1166 3465 sed
1183 3384 1377 3462 vivificent

315 3488 492 3564 masculos
519 3489 621 3566 suos:
652 3511 722 3570 uec
747 3505 867 3568 tamen
892 3491 1047 3580 dicitur,
1079 3488 1167 3583 quir
1193 3487 1378 3583 paruerint

313 3603 498 3683 precepto
511 3593 604 3688 regis
618 3589 791 3688 AEgypti,
806 3606 850 3664 ut
865 3587 1097 3666 vivificarent
1105 3585 1267 3662 feminas.
1292 3581 1377 3680 Ego

316 3683 542 3778 confidenter
557 3690 673 3763 audeo
690 3690 809 3769 dicore
820 3689 1015 3764 secundum
1031 3685 1213 3782 scripture
1224 3679 1376 3764 sensum.

318 3783 528 3861 obstetrices
545 3788 617 3864 iste
631 3810 707 3864 non
721 3785 914 3866 vivificant
929 3788 1091 3863 feminas.
1127 3785 1260 3876 Neque
1279 3779 1375 3856 enim

318 3878 410 3950 vitia
430 3884 608 3960 docentur
631 3889 668 3962 in
694 3887 862 3962 Ecclesris
889 3902 952 3961 aut
973 3885 1114 3960 luxurie
1138 3881 1378 3978 predicetur,

319 3990 540 4073 autpeccau
553 3989 760 4062 nutriuntur
774 3983 870 4084 (hoc
887 3987 983 4064 eninr
996 3986 1079 4060 vult
1095 3981 1268 4069 Pharao,
1295 3999 1379 4052 curn
1477 4077 1481 4088 Ι

317 4076 499 4160 vivificari
511 4076 659 4159 feminas
675 4085 875 4262 jubet).sezd
892 4085 967 4165 sola
986 4087 1102 4160 virtus
1119 4071 1380 4236 acoliti-uz&

892 4200 916 4281 3
1267 4187 1359 4264 m
1441 4253 1448 4262 .
