3417 4692
381 325 383 332 ’
493 357 1206 462 ‚sunncwnonnnsrm
1272 359 1387 472 ¹131
1461 417 1468 449 .

325 540 424 618 milia
449 538 546 613 dices
571 539 678 610 etiam
697 548 849 632 propter
867 535 975 610 illud:
1001 535 1236 635 multiplicabo.
1284 535 1389 618 Deus

322 637 421 715 enim
437 637 652 713 benedicens
668 638 744 710 haec
763 638 823 712 ait.
1022 633 1028 650 '
1195 659 1198 666 ·
1449 657 1452 664 ·

402 745 476 812 Mei
485 742 566 828 sunt
590 737 749 836 Ephraim
766 735 804 813 (5
824 724 1014 828 Manaffes}
1035 733 1114 828 ficut
1138 736 1248 832 Rubep
1269 737 1310 815 U
1326 741 1390 836 sy-

322 865 412 914 meon
434 833 652 931 anamiim]
677 837 782 924 Sicut,
796 835 948 927 Ruben,
982 833 1015 906 δι
1034 832 1215 927 Ephraim.
1265 836 1390 914 Ambo

328 941 425 1014 enirn
450 936 692 1034 primogeniti.
717 927 819 1009 Sicut
841 931 1018 1008 Manaiies
1034 934 1068 1007 ἃ
1083 933 1254 1028 Symeon.
1280 935 1391 1015 Uter·

326 1061 399 1132 que
417 1041 510 1112 enim
529 1036 633 1110 matri
654 1033 722 1110 suae
742 1032 1025 1134 natusecundus
1048 1032 1109 1109 est.

369 1136 371 1140 ’
404 1140 532 1233 Reliqui
548 1152 676 1234 cutem,
695 1161 771 1234 quos
783 1142 928 1229 genueris
940 1136 1003 1233 pofi
1015 1159 1080 1221 ecs,
1100 1151 1198 1206 erum
1214 1139 1252 1206 in
1263 1141 1391 1210 nemim

317 1237 469 1334 fratrum
478 1238 623 1327 sucrum:
650 1236 845 1306 vo'cabuntur
859 1241 1012 1308 incorum
1021 1229 1191 1329 sortibus]
1219 1232 1311 1329 Alii,
1337 1235 1390 1312 in·
1463 1257 1467 1266 ’

326 1339 426 1431 quit,
441 1335 525 1430 filii,
540 1355 631 1427 quos
650 1337 836 1436 genueris,
854 1333 1129 1431 cognominibus
1147 1333 1296 1407 fratrum
1311 1334 1390 1410 suo·

325 1459 406 1512 rum
425 1439 588 1509 tribubus
607 1433 888 1511 recensebantur
900 1435 938 1508 in
953 1436 1107 1531 partium
1122 1432 1309 1507 divisione.

406 1641 526 1711 Videris
544 1655 649 1709 autem
676 1635 773 1725 Israel
785 1635 870 1724 pilius
897 1633 1038 1732 Jusepb,
1073 1631 1179 1705 dixit:
1216 1633 1290 1726 Qui
1308 1632 1389 1720 [unt

324 1739 378 1836 ifli
390 1733 406 1808 ἶ
434 1733 521 1832 &c.]
544 1737 611 1811 His
626 1735 768 1826 verbiS,
802 1736 922 1805 Videris
947 1734 1041 1822 Israel
1054 1733 1144 1822 filias
1166 1731 1309 1828 Joseph,
1335 1733 1390 1806 vi·

321 1839 471 1914 ¹debitur
492 1836 711 1921 contrarium
739 1829 859 1908 istud:
897 1837 986 1904 Oculi
1012 1831 1113 1931 Jacob
1136 1834 1309 1924 caligabant
1323 1853 1391 1928 pre

315 1937 499 2032 semare,
523 1936 586 2012 nisu
602 1936 700 2018 forte
715 1935 808 2032 idem
821 1933 864 2008 fit
874 1935 1003 2007 oculos
1019 1953 1096 2012 noo
1109 1929 1210 2026 Poffe
1224 1951 1389 2034 cernere,

325 2041 362 2114 bc
381 2036 511 2110 videre
532 2032 639 2112 Israel
662 2032 779 2111 semen
802 2030 959 2129 Josepb,
995 2033 1081 2108 Deo
1102 2031 1165 2128 ipfi
1187 2031 1308 2108 futura
1328 2035 1389 2110 de·

365 2135 561 2214 onstrante.

325 2159 364 2216 m
404 2227 588 2308 Enemase
616 2250 721 2308 autem
747 2231 843 2324 lsrael
865 2237 1205 2323 manumsdexreram,
1242 2213 1389 2333 imposuit
1431 2243 1435 2249 ’

320 2336 417 2434 [uper
441 2353 535 2432 capus
562 2333 747 2430 Ephraim]
805 2331 997 2427 Prophetae
1017 2334 1150 2429 quippe
1173 2355 1255 2411 cum
1274 2359 1317 2412 ea
1341 2338 1390 2416 de

329 2436 458 2529 quibus
482 2436 778 2530 prophetabant,
812 2432 1080 2529 intelligerent,
1113 2433 1246 2508 ambus
1273 2449 1389 2512 exter·

326 2537 384 2614 nis
407 2535 467 2608 illa
491 2535 749 2628 exprimebant.
801 2530 979 2608 Nimirum
995 2533 1077 2626 post
1091 2535 1168 2607 haec
1186 2535 1310 2610 decem
1327 2539 1389 2610 tri-

327 2635 447 2710 bubus
464 2633 607 2727 praefuit
622 2635 736 2707 tribus
751 2628 932 2726 Ephraim.
983 2631 1042 2706 Ab
1061 2633 1137 2728 ipso
1156 2636 1249 2706 enim
1261 2631 1388 2712 beatus

327 2732 427 2831 Jesus
449 2732 578 2826 Nave,
604 2734 664 2824 qui
684 2751 771 2806 vera
791 2730 862 2804 fuit
879 2729 1007 2804 Christi
1026 2728 1158 2828 figura,
1186 2745 1289 2806 ortus
1313 2735 1387 2834 est,

327 2849 372 2908 ut
389 2834 515 2948 gidere
532 2831 636 2908 estin
656 2830 837 2906 Numeris.
889 2832 1124 2931 Quapropter
1145 2831 1180 2908 bt
1194 2831 1389 2930 Jacob'be-

329 2932 486 3008 nedlitio
506 2932 549 3007 ad
569 2930 680 3025 ipsum
699 2951 845 3024 quoque
860 2932 1030 3023 pertinet

408 3036 521 3106 Faciat
539 3032 599 3105 ribi·
624 3035 711 3104 Deus
735 3031 812 3123 ficut
839 3032 999 3127 Ephraim
1021 3028 1061 3107 ii
1089 3033 1253 3126 Mmtaffi:
1278 3034 1387 3132 consti.

328 3128 1388 3332 rsunenumeraturus
1437 3259 1439 3264 1

537 3286 551 3328 θ

410 3433 590 3505 incurvans
615 3431 789 3503 reclinatus
816 3455 848 3502 es
863 3430 946 3527 ficut
965 3430 1040 3519 leo,
1073 3429 1113 3509 o
1132 3431 1215 3528 ficut
1231 3437 1361 3506 curules.

327 3525 420 3606 Eam
435 3551 540 3624 quam
558 3551 603 3605 ex
618 3528 876 3624 dispensatione
891 3531 1041 3624 pertulit
1058 3544 1235 3626 mortem,
1261 3433 1388 3631 igniri]-

327 3644 391 3705 cat
406 3631 517 3724 illud,
535 3633 761 3704 siclinienses.
785 3630 867 3706 Leo
883 3630 934 3706 est
950 3627 1122 3726 Christus,
1138 3632 1179 3706 iis
1196 3634 1256 3726 qui
1272 3637 1386 3710 omni·

327 3750 381 3806 no
395 3729 599 3824 ferociunt,
623 3732 665 3806 iis
683 3751 797 3830 vero,
822 3731 883 3824 qui
895 3730 1012 3806 adhuc
1029 3731 1217 3829 discipline
1236 3756 1386 3831 capaces

328 3825 438 3928 suast,
463 3831 613 3909 catulus.
1105 3884 1108 3893 .
1462 3858 1465 3864 ·

784 4123 958 4224 ,12st
1076 4251 1079 4256 Ι
1206 4129 1354 4250 ,ω-
