3417 4692
420 352 486 430 IN
513 346 799 432 oeuesrru
823 341 1104 426 nouum
1126 341 1188 422 xr.
1265 369 1337 446 κῃ.

277 514 453 611 nomine,
479 508 625 610 dpfilios
645 531 691 586 ex
713 534 755 585 ea
770 511 943 604 plurimos
960 505 1133 607 genuisse,
1160 527 1241 586 cum
1258 509 1337 588 fere
1437 605 1440 610 Ι

279 632 426 691 centum
444 618 588 712 triginta
609 613 794 706 &septem
814 611 998 684 videretur
1019 631 1204 686 annorum.
1239 613 1336 704 Nam

280 718 366 790 Sara
389 737 483 787 uxor
504 718 579 806 ejus
603 716 727 786 decem
755 714 797 784 ab
821 732 868 784 eo
892 710 989 782 annis
1009 710 1132 802 junior
1147 712 1334 805 scribitur,

278 839 359 908 quae
381 816 573 888 centesimo
600 814 766 886 viceiimo
792 808 998 903 &septimo
1027 829 1123 881 anno
1149 811 1336 906 defundis,

279 918 415 989 indicat
432 916 613 988 Abraham
631 912 895 1005 supercentum
913 909 1057 1004 triginta
1078 908 1211 1001 septem
1225 933 1337 985 anno·

278 1033 361 1089 rum
382 1011 510 1105 furffe,
548 1034 629 1085 cum
656 1012 849 1084 Cethuram
865 1011 1005 1100 accepit
1025 1029 1187 1084 uxorem.
1239 1011 1338 1108 Quid

281 1113 398 1210 ergo?
432 1126 619 1205 putamus,
648 1111 747 1203 quod
764 1112 801 1182 in
821 1121 928 1182 tanto
946 1110 1147 1180 Patriarcha
1161 1129 1225 1202 per
1242 1111 1338 1185 idem

281 1230 424 1304 tempus
441 1214 671 1285 incitamenta
687 1212 800 1282 carnis
815 1204 1020 1304 viguerint?
1045 1204 1095 1278 Et
1108 1209 1167 1298 qui
1183 1209 1340 1283 olimna·

284 1314 456 1384 ruralibus
481 1313 639 1384 motibus
665 1323 849 1384 emortuus
873 1309 1024 1398 dicitur,
1050 1327 1148 1380 nunc
1167 1309 1211 1380 ad
1225 1310 1340 1384 libidi-

283 1432 369 1484 nem
387 1412 573 1483 redivivus
589 1406 798 1502 putabitur?
824 1406 884 1479 An
903 1403 967 1503 (ut
980 1405 1069 1500 saepe
1081 1409 1152 1500 jam
1167 1407 1340 1511 diximus)
1358 1405 1361 1410 ’

283 1510 568 1583 Patrimcharum
587 1509 752 1603 conjugia
766 1506 953 1598 mysticum
967 1506 1112 1596 aliquod
1123 1508 1282 1582 indicant
1293 1508 1342 1584 sa·

287 1609 533 1682 crementum?
560 1608 660 1680 Sicut
683 1608 716 1680 dr
737 1608 821 1698 ille,
848 1607 908 1697 qui
928 1607 1071 1678 dicebat
1091 1606 1136 1678 de
1153 1605 1339 1699 sapientia:
1400 1601 1405 1613 ’

286 1714 387 1782 Hanc
403 1735 451 1803 ego
466 1713 603 1803 cogitavi
628 1730 752 1778 uxorem
767 1709 912 1777 adducere
932 1707 1025 1780 mihi.
1075 1705 1239 1780 Fortaffis
1253 1729 1342 1806 ergo

280 1812 452 1902 jmtunc
467 1810 500 1881 dt
514 1806 694 1881 Abraham
707 1807 815 1880 fimile
829 1806 959 1896 aliquid
975 1806 1164 1900 cogitavit,
1177 1807 1209 1878 δι
1224 1828 1343 1898 quam·

286 1912 345 1982 vis
361 1906 448 1982 effet
471 1906 632 1999 sapiens,
659 1904 738 1978 hoc'
752 1904 829 1998 ipso
851 1919 969 1978 tamen
993 1903 1152 1996 sciebat,
1179 1908 1276 1999 quod
1295 1907 1344 1983 sa·

286 2009 430 2100 pientio
452 2010 568 2079 nuilus
591 2005 641 2079 est
655 2003 755 2097 finis,
782 2027 850 2077 nec
868 2003 1021 2078 discendi
1041 2006 1228 2079 terminum
1247 2006 1344 2082 sene·
1452 2013 1455 2022 '

289 2107 364 2180 cius
383 2109 546 2199 imponiu
599 2109 672 2205 Qui
698 2106 791 2177 enim
811 2105 1001 2177 consuevit
1021 2125 1068 2176 eo
1089 2106 1202 2178 modo
1225 2102 1346 2182 sortiri
1444 2187 1448 2196 ,

286 2208 577 2296 matrimonium,
604 2226 676 2296 quo
694 2205 739 2278 de
756 2203 831 2296 ipso
850 2201 1006 2296 superius
1026 2204 1281 2299 indicavimus,
1306 2207 1346 2282 id

287 2305 362 2397 est,
387 2306 448 2395 qui
469 2307 640 2377 virtutem
657 2306 789 2378 habere
804 2305 842 2376 in
864 2295 1035 2399 conjugio
1056 2303 1168 2395 solet,
1200 2308 1356 2398 quando,

290 2404 412 2499 potest
435 2406 478 2476 ab
499 2403 746 2496 hujuscemodi
770 2401 900 2476 cessare
922 2401 1117 2497 conjugio?
1143 2404 1346 2482 Saraenam·

290 2501 362 2596 que
378 2505 570 2594 dormitio,
597 2504 741 2576 virtutis
757 2504 807 2575 est
824 2503 1055 2597 intelligenda
1075 2500 1346 2584 consummatio.

292 2606 368 2698 Qui
388 2625 479 2676 vero
498 2601 745 2678 consummate
766 2603 800 2674 ἃ
820 2601 984 2694 perfestae
1000 2602 1143 2673 virtutis
1165 2601 1235 2685 est,
1262 2604 1347 2680 sem.

280 2723 358 2796 -per
388 2701 527 2776 neceffe
553 2702 633 2793 est,
665 2714 708 2774 ut
730 2701 769 2772 in
794 2702 909 2792 aliqua
940 2699 1144 2773 eruditione
1166 2702 1347 2783 versetur.

295 2807 414 2904 Quam
431 2802 669 2874 eruditionem
688 2801 879 2895 conjugem
896 2800 971 2890 ejus
985 2798 1099 2872 sermo
1123 2799 1266 2876 divinus
1289 2825 1349 2899 ap·
1447 2811 1480 2896 ,’

291 2903 414 2997 pellat.
465 2901 666 2974 Secundum
681 2902 753 2978 hoc
771 2912 885 2994 puto,
900 2898 1009 2990 ¹quod
1027 2899 1060 2972 δι
1078 2900 1114 2972 in
1130 2903 1209 2996 lege
1228 2905 1349 2979 celebs

291 3000 462 3075 &sterilis
477 3000 665 3074 maledidio
678 2997 846 3093 subjacet.
881 2998 983 3071 Dicit
993 3001 1106 3091 enim,
1134 3004 1349 3092 Mate-dous,

294 3102 937 3293 riii'iiiiiiiiuiss'i'i
950 3099 1105 3272 iiii
1118 3101 1350 3298 &iiiiii

293 3300 482 3376 maledidio
507 3302 629 3394 polito
653 3300 884 3375 videbuntur.
933 3298 993 3372 Et.
1009 3298 1092 3389 quid
1119 3299 1163 3372 de
1195 3303 1352 3377 ecclefiae

292 3401 493 3495 virginibus
514 3398 623 3474 dico?
648 3397 724 3491 lpse
739 3401 917 3494 joannes,
945 3419 1018 3491 quo
1042 3400 1155 3491 major
1173 3402 1267 3475 inter
1288 3395 1350 3478 ne·

294 3515 357 3572 tos
375 3501 560 3574 mulierum
581 3520 689 3572 nemo
712 3499 819 3590 fuit‚·
840 3500 873 3571 δι
893 3494 949 3574 alu
968 3496 1165 3574 sanderum
1182 3504 1360 3597 plurimi‚‘

294 3589 414 3672 semen
430 3598 620 3672 secundum
637 3618 779 3674 carnem
793 3619 870 3671 non
884 3601 1128 3691 reliquerunt,
1144 3603 1276 3695 quippe
1289 3604 1353 3694 qui

294 3719 365 3771 nec
380 3698 491 3772 iniiffe
503 3700 647 3790 quidem
662 3699 888 3772 matrimonia
902 3697 1129 3774 referuntur..
1143 3699 1212 3774 Sed
1226 3702 1260 3773 δι
1275 3721 1353 3775 cer·

294 3812 394 3891 tum,
409 3799 459 3872 est
469 3801 550 3872 illos
566 3799 719 3892 spiritale
730 3796 847 3872 semen
862 3800 896 3872 dt
909 3799 1077 3893 spiritales
1092 3797 1186 3872 filios
1198 3797 1352 3890 reliquis·
1418 3844 1425 3870 2

294 3895 1030 3995 sedrhabuiffeunumquemqueconjugem
1041 3899 1255 3991 sapientiam,
1264 3901 1354 3974 ficut

296 3993 479 4076 &Paulus
499 4021 564 4102 per
584 3995 939 4100 Evangeliumfflios·
956 4002 1157 4099 generabat.
1192 3996 1354 4094 ‘Accepit

1088 4194 1092 4202 .
1216 4118 1304 4196 ergo
