3417 4692
280 374 283 384 '
380 407 456 508 4⁶9
660 441 681 508 .·
728 399 1142 500 osroenos.

380 565 500 662 spectu
514 564 614 659 Dei,
635 565 675 642 ’δι
697 568 937 664 interrogatus
961 533 1320 662 responditsstudioi
1345 591 1446 650 noem

380 688 489 753 tuam,
514 669 551 742 Θ
569 666 708 756 abscondi
728 692 793 752 me,
827 675 902 763 quio
926 667 1146 746 eromrrudrrs.
1170 665 1174 670 ’
1197 665 1266 740 Sed
1297 667 1332 740 &
1361 663 1446 746 Cain

382 765 568 865 postquam
595 787 661 858 pto
690 765 885 840 fratricidio
920 765 1181 856 condempotus
1207 788 1226 838 a
1252 766 1338 840 Deo
1367 769 1443 864 est,

330 876 336 902 ¹
379 874 479 947 cxirt,
505 867 648 957 inquit,
673 895 692 937 a
713 865 798 958 facie
823 872 903 951 Dei,
928 863 967 944 δ
987 865 1150 936 habitavit
1173 873 1209 936 in
1233 881 1320 937 terra
1342 871 1442 946 Nais.

238 1013 243 1037 ,
380 964 482 1040 Exiit
501 986 587 1060 ergo
611 965 741 1039 asacie
764 966 862 1057 Dei,
900 965 959 1058 qni
986 965 1147 1062 indignus
1172 962 1222 1038 est
1247 957 1442 1070 conspectu

380 1063 466 1140 Dei.
517 1061 633 1140 Sandi
667 1057 1090 1150 autemmandncant&
1122 1063 1248 1140 bibunt
1282 1066 1319 1142 ln
1358 1089 1442 1150 cop·

381 1163 502 1258 spectu
533 1163 630 1257 Dei,
667 1164 701 1238 δι
733 1168 852 1238 omnia
889 1186 965 1256 qua
998 1179 1137 1260 agunt,
1175 1163 1211 1238 in
1247 1163 1442 1260 conspectu

375 1266 461 1356 ,ejus
494 1277 613 1356 agunt.
680 1262 760 1360 Ego
794 1265 940 1357 amplius
979 1255 1094 1338 adhoc
1133 1263 1253 1338 locum
1299 1267 1444 1358 praesen

378 1379 458 1448 ¹tem
479 1361 691 1455 discutiens,
717 1363 827 1436 video
853 1366 934 1456 quia
958 1365 1016 1454 qui
1037 1362 1235 1456 pleniorem
1259 1361 1442 1442 scientiam

255 1473 258 1484 '
372 1460 455 1537 'Dei
476 1462 680 1556 accipiunt,
715 1461 747 1533 dc
773 1462 911 1554 plenius
939 1463 1068 1535 divinis
1094 1462 1219 1536 imbuti
1244 1461 1326 1536 sunt
1344 1465 1445 1542 disci·

379 1563 510 1658 plinis,
535 1561 588 1635 isti
612 1563 717 1635 etiam
743 1562 768 1648 sl.
791 1564 920 1638 malum
937 1560 1104 1658 ,saciont,'
1136 1582 1257 1634 coram
1280 1563 1372 1638 Deo
1399 1565 1445 1660 sa·

380 1662 506 1752 ciunt,
534 1660 621 1736 &in
643 1659 832 1756 conspectu
852 1663 926 1756 ejas
953 1659 1112 1752 sacinnt',
1138 1661 1226 1734 ficut
1252 1657 1314 1734 ille
1336 1664 1444 1738 dixit:

382 1757 465 1844 ,Tali
485 1762 546 1849 soli
566 1768 710 1856 peccavi,
737 1760 775 1837 U
799 1751 914 1833 malum
937 1785 1036 1832 coram
1055 1759 1182 1852 'r'e'fccd
1237 1761 1336 1854 Quid
1356 1784 1441 1858 ergo

377 1863 461 1958 plus
478 1861 606 1951 habet,
627 1861 686 1952 qui
705 1862 833 1933 malum
858 1881 978 1934 coram
1000 1859 1089 1932 Deo'
1107 1857 1219 1934 facit?
1247 1859 1439 1956 Illudpro·

246 1953 280 2024 -‘
380 1961 478 2038 seito
499 1953 597 2052 quod
618 1955 794 2033 continuo
816 1963 987 2055 penitet,
1014 1959 1047 2031 d:
1069 1959 1170 2031 dicit:
1199 1955 1338 2032 Patami.
1371 1961 1444 2064 Qui

380 2075 499 2136 autem
521 2058 666 2134 discedit
683 2082 702 2130 a
722 2057 912 2152 conspectu
938 2057 1029 2148 Dei,
1054 2039 1385 2150 nescit'converti,
1411 2059 1443 2134 dr

382 2160 628 2252 &peccatum
657 2158 865 2249 poenitendo
895 2180 1055 2252 purgare.
1109 2153 1193 2232 Hoc
1221 2178 1311 2252 ergo
1332 2159 1443 2232 inter·

380 2257 453 2347 est,
487 2258 614 2329 malurn
641 2277 761 2329 coram
788 2255 871 2356 Deo
895 2257 1034 2349 facere,
1062 2255 1136 2358 &a
1154 2254 1223 2330 Del
1247 2255 1442 2353 conspeetu

379 2353 557 2430 disceffille
579 2369 798 2445 peccantem.
1229 2437 1233 2448 ,

454 2459 488 2530 6.
516 2454 584 2526 Sed
610 2471 650 2528 ut
677 2455 786 2527 video
820 2451 953 2552 ¹Jethro
989 2478 1066 2530 non
1098 2453 1224 2529 frustra
1258 2457 1366 2529 venit
1400 2455 1440 2530 ad

378 2553 562 2647 Moysen,
590 2574 657 2627 nec
679 2553 801 2628 frustra
822 2555 1051 2628 manducavit
1074 2578 1199 2649 panem
1224 2576 1306 2628 cnm
1329 2555 1440 2629 senio·

379 2657 479 2730 ribus
501 2655 626 2746 populi
649 2656 684 2728 in
715 2654 907 2748 conspectu
929 2655 1086 2731 Domini.
1138 2654 1212 2726 Dat
1237 2658 1332 2743 enim
1357 2678 1439 2729 con·

380 2756 491 2831 filium
509 2754 631 2844 Moysi
652 2755 837 2845 probabile
854 2753 932 2826 latis
954 2756 985 2826 o
1010 2758 1117 2835 utile,
1144 2767 1184 2826 ut
1201 2753 1309 2847 eligat
1327 2758 1439 2847 viros,

383 2856 418 2926 dt
430 2851 623 2947 constituat
636 2853 813 2947 principes
829 2854 975 2949 populi,
1003 2855 1102 2926 viros
1117 2853 1233 2924 Deum
1256 2855 1439 2946 colentes,

379 2967 574 3049 potentes,
594 2951 803 3025 &odientes
820 2951 1025 3044 snperbiam.
1051 2950 1160 3023 Tales
1175 2951 1267 3023 enim
1287 2967 1440 3044 oportet

380 3050 450 3128 effe
461 3051 637 3145 principes
652 3052 797 3144 populi,
828 3051 886 3142 qni
898 3074 972 3124 non
984 3050 1095 3123 solum
1112 3049 1249 3144 snperbi
1260 3072 1337 3124 non
1354 3052 1440 3143 sint,

379 3148 484 3228 sed&
499 3152 558 3241 qni
573 3149 716 3224 oderint
728 3148 940 3243 strperbiam:
966 3149 1086 3242 idest,
1101 3164 1142 3222 nt
1158 3171 1232 3222 non
1247 3149 1362 3225 solnm
1378 3151 1437 3242 ipsr

299 3311 302 3322 .
381 3249 511 3338 absque
526 3249 707 3336 vitiostnt,
728 3249 784 3323 sed
802 3249 831 3321 o
848 3250 883 3321 in
897 3251 970 3322 aliis
987 3250 1131 3324 oderint
1145 3249 1243 3321 vitia.
1269 3248 1362 3323 Non
1376 3253 1439 3324 ho·

379 3351 495 3424 mines
509 3349 592 3421 dico
608 3348 737 3439 odisse,
766 3347 823 3424 sed
840 3348 943 3422 vitio:
971 3345 1207 3435 Erordmalrs,
1235 3349 1375 3439 inquit,
1395 3376 1442 3421 cos

379 3450 553 3531 tribunos,
587 3445 625 3524 ds
651 3459 883 3539 centuriones,
919 3450 957 3524 U
986 3450 1330 3546 quinquagenarios&
1356 3452 1440 3546 deca·

379 3573 459 3636 mos,
484 3545 522 3621 U
537 3547 723 3644 judicabunt
744 3550 889 3646 populum
917 3555 1001 3619 omni
1025 3550 1116 3627 horo.
1175 3547 1310 3619 Verbum
1339 3566 1442 3621 cutem

379 3651 458 3748 quod
477 3654 609 3738 gravius
626 3647 734 3741 fuerit
761 3650 900 3735 referent
922 3653 962 3718 ad
982 3664 1024 3720 rc.
1075 3647 1236 3719 Attdiant
1258 3649 1439 3740 principes

378 3747 504 3852 populi
531 3746 563 3819 &
586 3749 787 3840 presbyteri
809 3747 944 3840 plebis,
970 3747 1051 3837 quia
1072 3746 1203 3819 debent
1225 3749 1325 3819 omni
1349 3748 1440 3820 hora

378 3848 553 3946 popnlnm
581 3846 764 3940 indicare,
799 3845 932 3938 semper
960 3846 992 3917 dr
1017 3845 1089 3920 stne
1116 3845 1368 3922 intermissione
1391 3845 1439 3921 se·

379 3946 464 4023 dere
491 3946 526 4019 io
551 3945 713 4036 jndicio,
755 3948 917 4020 dirimere
946 3946 1054 4036 lites,
1091 3945 1327 4018 reconciliare
1354 3946 1439 4020 diffi-

379 4045 529 4143 dentes,
554 4046 591 4118 in
610 4047 756 4145 gratiam
774 4065 952 4121 revocare
972 4041 1161 4120 discordes.
1195 4042 1320 4120 Discat
1341 4043 1441 4122 nnus·

1295 4165 1387 4238 quis-
