3417 4692
386 387 453 466 ιιι
476 377 747 472 exonun
772 337 1268 479 contttnrin'tn.
1289 419 1375 500 219⁹

398 745 593 884 ¹er<
648 750 1251 920 onteettls

312 979 895 1106 'COMMENTARIIS
924 991 1007 1080 IN
1032 987 1348 1084 EXODUM

576 1191 579 1195 ·
764 1172 806 1244 ln
827 1169 931 1243 iilud:

519 1324 699 1404 induravit
720 1331 880 1404 Dominus
901 1356 953 1406 oos
979 1332 1171 1408 Pharaonis.

366 1509 524 1601 niuiauir
542 1545 649 1603 auran
675 1484 836 1606 Doninus
857 1556 908 1604 ass
919 1494 1119 1628 pharaoni,
1145 1529 1185 1610 (5
1201 1530 1312 1604 noluit
1326 1527 1376 1600 ii·

316 1525 365 1763 Ι
390 1637 517 1704 minoto
547 1634 634 1730 ipfios.
688 1632 813 1708 Verba
835 1632 895 1708 illa
914 1637 1026 1713 toties
1046 1635 1085 1710 in
1109 1629 1243 1708 Exodo
1270 1649 1376 1726 repe·
1420 1621 1424 1630 “

390 1730 478 1805 tita:
506 1735 681 1805 induravit
699 1738 859 1806 Dominus
874 1761 925 1805 tor
945 1737 1139 1820 Pharaonis,
1165 1733 1216 1809 &t
1246 1734 1309 1828 Ego
1325 1736 1378 1801 in·

314 1833 432 1905 durabo
449 1858 500 1903 tar
533 1836 741 1922 Pharaonis,
776 1831 932 1911 Ιοθίοῐεε
955 1838 1034 1914 fere
1055 1854 1181 1910 omnes
1206 1834 1376 1922 turbant,

314 1953 393 2013 turn
416 1935 477 2026 qui
496 1932 677 2029 scripture
696 1955 773 2009 non
791 1933 969 2031 credunt,
999 1950 1077 2012 tum
1101 1955 1162 2027 qur
1151 1929 1213 2009 se
1229 1932 1378 2007 credere

314 2034 553 2151 profitentur:
577 2057 655 2111 non
674 2035 905 2111 credentibus
927 2037 1050 2130 enim,
1077 2035 1116 2112 id
1132 2055 1278 2128 quoque
1294 2054 1378 2108 cum

315 2136 555 2228 antrannis,
588 2157 665 2212 non
693 2135 863 2210 credendi
887 2135 990 2213 causa
1008 2134 1077 2211 ess'e
1102 2135 1268 2228 videtur,
1295 2134 1378 2226 quia

316 2240 362 2313 de
382 2238 465 2312 Deo
483 2237 627 2332 indigna
644 2236 729 2310 Deo
748 2235 927 2314 dicuntur.
952 2236 1141 2334 Indignum
1156 2249 1275 2310 autem
1288 2233 1376 2308 Deo
1433 2253 1459 2323 g

278 2425 281 2430 ,
317 2339 387 2419 est,
399 2336 577 2411 duritiem
597 2333 786 2411 efficerem
804 2334 916 2411 corde
934 2334 1160 2430 cuiusquam,
1186 2332 1378 2408 &efficere

317 2438 505 2529 duritiem,
527 2448 570 2509 ut
584 2438 662 2529 quis
676 2435 809 2511 resrstat
823 2435 1008 2510 voluntati
1027 2439 1125 2530 ejus,
1144 2435 1375 2525 quiindurot.
1413 2517 1418 2526 ,

317 2535 581 2629 ecquomodo,
605 2536 793 2629 inquiunt,-
818 2533 1005 2611 absurdum
1022 2533 1192 2629 nonest,
1219 2533 1379 2628 quedam

316 2637 437 2713 facere
458 2635 606 2724 Deum,
641 2647 684 2706 ut
707 2635 785 2726 quis
810 2634 888 2728 ejus
909 2637 1092 2710 voluntati
1119 2655 1197 2709 non
1221 2629 1377 2728 pareat?

315 2738 499 2811 Videntur
517 2734 611 2809 enim
629 2734 789 2807 nolentis
812 2735 1031 2830 morigerum
1046 2735 1181 2809 habere
1202 2731 1378 2807 mendatis

315 2835 384 2912 suis
398 2835 619 2911 Pharaonem
636 2835 711 2908 haec
734 2832 803 2908 effe
819 2835 942 2910 verba
989 2832 1195 2925 litantem,
1219 2834 1280 2925 qui
1301 2851 1379 2906 cre·
1444 2827 1449 2840 '

317 2936 402 3010 dere
414 2948 608 3029 putantur,
633 2953 711 3007 non
722 2934 814 3006 levrs
824 2932 1074 3008 controverfia
1083 2934 1249 3008 exoritur
1261 2952 1307 3007 ex
1321 2931 1377 3006 his

316 3039 459 3111 verbis:
488 3037 665 3106 induravit
690 3037 848 3105 Dominus
864 3056 917 3103 cor
943 3036 1133 3106 Pharaonis.
1187 3032 1261 3132 Qui
1283 3031 1379 3116 enim

317 3137 471 3211 credunt
487 3134 605 3207 Deum
627 3153 705 3206 non
720 3134 825 3207 alium
843 3130 1032 3225 essequam
1048 3133 1169 3208 mundi
1193 3129 1376 3228 opificem,

316 3238 473 3314 sentiunt
500 3233 621 3307 Deum
643 3231 827 3324 fortuito,
865 3234 965 3326 cujus
985 3237 1091 3325 vult,
1124 3232 1308 3324 misereri,
1342 3229 1379 3305 δι

318 3333 540 3429 quem-vult,
565 3331 753 3427 indurare,
780 3354 861 3408 cum
878 3330 1090 3408 causanulla
1105 3333 1168 3426 stt,
1195 3353 1259 3406 cur
1271 3332 1377 3426 hujus

316 3436 546 3523 misereatur,
580 3432 668 3503 alius
687 3433 730 3506 ab
754 3453 801 3505 eo
825 3432 1022 3511 induretur.
1073 3429 1148 3505 Alii
1169 3434 1228 3527 qui
1255 3435 1378 3528 potio·

315 3557 391 3611 rem
410 3532 619 3610 sententiam
639 3529 852 3625 sequuntur,
879 3532 947 3606 elia
961 3534 1073 3607 multa
1088 3531 1268 3626 scripture
1283 3531 1378 3608 sense

316 3637 380 3714 fibi
399 3630 604 3710 abscondita
630 3629 700 3704 eise
719 3633 869 3722 dicunt;
902 3652 972 3706 nec
995 3630 1030 3705 se
1044 3630 1129 3706 ideo
1151 3655 1171 3706 a
1191 3629 1287 3708 reiie
1306 3628 1379 3710 fide

319 3736 456 3809 averti:
481 3753 592 3804 unum
603 3752 695 3804 vero
712 3754 757 3805 ex
770 3730 968 3806 reconditis
985 3731 1054 3806 effe
1072 3729 1186 3808 sanam
1200 3730 1304 3824 hujus
1323 3734 1379 3806 lo-

318 3838 353 3909 ci
373 3828 717 3925 interpretationem
766 3827 885 3906 Tertii
899 3832 1040 3924 quidam
1055 3832 1160 3907 alium
1175 3829 1245 3906 effe
1258 3830 1379 3922 Deurn
1461 3849 1464 3854 ·

319 3936 364 4009 ab
382 3932 543 4028 opifice,
572 3928 748 4022 &justum
768 3928 838 4005 effe
854 3932 1014 4025 volunt,
1041 3928 1101 4009 sed
1122 3951 1198 4006 non
1217 3932 1377 4025 bonum,
1411 3967 1414 3976 ⁴

319 4034 427 4114 stulte
443 4033 480 4108 id
491 4028 815 4130 qndemtoimoie,
841 4028 1098 4128 cumjustitiem
1115 4031 1314 4106 abonitote
1327 4029 1377 4112 se·

1175 4143 1343 4228 nerent,
