3417 4692
264 354 400 490 «440'
603 325 1080 478 ‘outo-unire·

316 555 496 629 cationem
508 547 701 626 Ecclesiam
715 550 885 644 facimus,
912 573 990 644 quae
1003 550 1053 625 est
1064 548 1206 644 sentia,
1230 571 1317 628 non
1328 549 1389 630 ha·

315 656 407 729 bens
429 654 602 727 maculam
625 665 686 724 aut
708 672 861 748 rugam,
885 650 1118 743 horrendo,
1144 651 1169 726 st
1193 653 1389 726 columnae

316 756 449 830 habeat
469 750 638 824 doctores
664 749 901 825 &ministros
927 749 1035 844 stoa,
1069 749 1273 848 dequibus
1300 747 1392 828 dreit

318 851 537 944 Apostolus:
567 855 699 936 Petrus,
730 851 883 948 Jacobus‚
908 852 947 928 (5
972 854 1137 948 Joanoes,
1162 849 1394 950 quividesan·

319 968 377 1025 tur
395 954 542 1023 columna
558 948 632 1042 effe,
655 949 952 1022 dextras-dederunt
965 952 1049 1022 mihi
1070 948 1109 1025 d
1124 950 1287 1022 namma
1295 949 1393 1038 socie·

316 1056 413 1128 raris.
464 1051 507 1125 ln
533 1049 767 1123 tabernaculo
788 1070 878 1147 ergo
900 1051 998 1140 hoc,
1025 1052 1200 1124 columne
1221 1047 1312 1123 serie
1336 1051 1391 1123 iu⁴

319 1146 475 1243 terjettis
493 1150 716 1243 junguntur,
742 1150 829 1224 dum
850 1152 889 1224 in
912 1146 1070 1234 Ecclesia
1092 1145 1390 1222 doctores‘datia

269 1299 271 1304 .
319 1251 383 1325 fibi
404 1249 540 1321 dextris
555 1246 747 1328 sociantur.
797 1249 867 1322 Sed
887 1250 1065 1322 columnae
1082 1246 1155 1321 istae
1177 1247 1389 1346 inargenta·

319 1348 480 1439 tradat,
511 1346 545 1420 u
573 1337 672 1420 bases
694 1345 814 1422 earum
834 1348 1076 1444 inargentata.
1138 1346 1235 1420 Bina
1261 1361 1390 1427 autent

319 1446 420 1521 bases
442 1447 618 1540 columnia
639 1445 779 1541 singuiis·
798 1447 1026 1550 deputentur.
1075 1444 1160 1518 Una
1181 1464 1260 1536 que
1277 1457 1393 1540 eaput

320 1547 472 1639 dicitur,
499 1546 533 1617 dt
556 1544 827 1638 superponitur}
854 1547 921 1619 ulia
943 1567 1020 1638 quae
1036 1565 1126 1618 vere
1147 1544 1235 1617 basra
1262 1545 1391 1642 appes-

319 1648 436 1735 latur‚
463 1646 498 1716 dr
517 1647 692 1718 columne
705 1645 1089 1719 velutfundameneum
1103 1641 1301 1738 subjicior.
1328 1644 1390 1720 In·

320 1760 625 1935 driostunt
641 1742 1391 1950 stttrttdtdttuttttitt

323 1965 401 2037 quae
416 1942 495 2016 sunt
512 1945 633 2039 eloquia
650 1943 751 2041 easta,
777 1960 945 2037 argentum
965 1947 1035 2035 igne
1047 1941 1221 2039 prosatum.
1248 1940 1311 2016 Isti
1329 1963 1391 2014 au·

261 2083 263 2087 ·
320 2056 396 2116 tem
416 2042 679 2132 predicationis
701 2040 769 2115 ssrae
789 2039 886 2115 bases
908 2042 1043 2116 habent
1065 2040 1278 2133 Prophetas.
1324 2031 1391 2114 Su.

321 2163 387 2236 per
407 2141 674 2215 fundamentum
697 2141 791 2213 enim
811 2137 1076 2233 Apostolorum
1095 2194 1108 2232 ‚
1135 2139 1170 2212 u
1187 2137 1389 2236 Propheta·

319 2259 401 2344 rsum
425 2238 617 2312 Ecclesiam
644 2240 851 2331 collocant,
878 2259 1030 2331 quorum
1053 2238 1264 2312 testimoniis
1280 2253 1391 2312 uten-

321 2352 398 2429 tes,
422 2335 529 2411 sidem
539 2336 666 2410 Christi
680 2334 905 2412 confirmant.
932 2336 1050 2430 Caput
1067 2351 1185 2422 autem
1203 2339 1389 2412 columna·

322 2458 402 2512 rum
421 2437 472 2510 est
489 2438 551 2510 ille
565 2434 628 2532 (ut
647 2436 802 2541 opinor)
819 2438 865 2511 de
878 2459 950 2529 quo
965 2438 1051 2509 dicit
1064 2436 1284 2529 Apostolus,
1306 2438 1390 2529 quia

323 2554 418 2630 eaput
434 2543 506 2608 viri
529 2537 671 2632 chrissus
686 2537 736 2633 est.
794 2535 899 2610 Serae
919 2556 1011 2609 uero
1035 2538 1306 2629 columnarum,
1334 2536 1391 2620 so.

325 2638 466 2712 cietatis
481 2635 686 2724 apostolice
704 2637 802 2709 datas
823 2637 884 2709 sthi
901 2637 1058 2708 invicem
1077 2636 1194 2708 detras
1213 2636 1284 2726 J‘am
1299 2635 1393 2709 dixi·

322 2759 415 2811 mus.
463 2735 643 2809 Tentoria
655 2756 730 2827 quae
749 2731 875 2810 ansulis
888 2733 1019 2824 affirta,
1047 2734 1234 2806 &circulis
1249 2732 1391 2828 suspen·

324 2833 381 2926 sa,
409 2848 515 2925 atque
528 2835 841 2928 innexasunibus,
869 2833 1075 2907 admodum
1093 2834 1315 2907 cortinarum
1337 2835 1392 2906 vi·

325 2933 415 3029 ginti
434 2934 468 3006 dt
484 2932 569 3005 octo
588 2936 624 3005 in
635 2936 811 3026 longum,
838 2946 946 3024 atque
962 2933 999 3005 in
1020 2935 1130 3005 latum
1152 2947 1309 3023 quatuor
1331 2955 1395 3006 cu·

324 3034 410 3106 bitis
422 3030 682 3124 distenduntur3
694 3033 868 3106 habeatur
884 3033 1020 3120 reliqua
1037 3032 1259 3104 credentium
1272 3033 1389 3124 plebe,

326 3152 406 3223 quae
417 3131 530 3208 haeret
544 3132 579 3204 dt
592 3130 727 3226 pendet
739 3133 776 3204 in
792 3130 936 3204 funibus
954 3127 1051 3208 fidei.
1092 3129 1200 3204 Funis
1218 3131 1314 3203 enim
1328 3134 1389 3206 tri·-

325 3232 411 3324 plex
424 3251 500 3305 uon
516 3232 718 3324 rumpitur,
743 3251 820 3321 quie
840 3228 891 3304 est
907 3225 1093 3302 Trinitatis
1110 3227 1221 3320 fides,
1248 3251 1294 3303 ex
1318 3251 1390 3322 qun

327 3328 529 3423 dependet,
559 3329 674 3421 &per
689 3351 792 3422 quam
804 3329 990 3402 sustinetur
1001 3330 1117 3401 omnis
1127 3327 1296 3404 Ecclesia.
1323 3329 1391 3402 Vi«

327 3428 417 3526 ginti
428 3442 545 3501 autem
558 3428 592 3500 dt
603 3427 688 3502 odio
701 3432 927 3519 cubitorum,
944 3441 1036 3518 quot
1049 3429 1085 3499 in
1098 3428 1246 3522 longum
1263 3425 1394 3501 disten·

329 3528 446 3620 ditur,
467 3525 547 3598 &in
561 3529 672 3602 latum
685 3523 864 3619 quatuor,
880 3526 960 3598 atrii
974 3527 1079 3603 unius
1092 3525 1276 3618 mensura,
1296 3543 1391 3619 puto

330 3626 430 3718 quod
449 3623 577 3698 inserta
593 3628 653 3699 lex
675 3624 881 3722 Evangeliis
899 3624 1110 3723 designetur.
1159 3625 1392 3718 septenarius

328 3744 483 3816 namque
505 3745 673 3798 numerus
693 3728 809 3821 legem
829 3723 1022 3820 fignificare
1039 3723 1152 3820 solet,
1177 3744 1246 3818 pro
1268 3727 1392 3799 multia

330 3822 520 3916 septenarii
538 3825 676 3896 numeri
691 3822 909 3901 sacramenti.
962 3824 998 3897 Si
1012 3822 1239 3896 consociatur
1253 3825 1297 3896 ad
1310 3845 1395 3914 qua.

331 3936 439 4014 tuor,
466 3935 591 4013 quater
606 3921 739 4019 septem
758 3923 1020 4013 consequenter
1037 3924 1162 4018 viginti
1177 3922 1210 3995 ἃ
1227 3922 1313 4002 odo
1328 3945 1396 3996 nu.

332 4035 468 4103 metunt
487 4019 641 4104 faciunt.'
686 4023 826 4104 Decem
842 4019 1255 4202 verchecattiaftupp,
1281 4035 1324 4095 ut
1339 4024 1393 4100 in·

859 4145 861 4150 ·
1108 4145 1112 4152 ·
1238 4141 1340 4225 grum
