3417 4692
384 427 458 499 244
529 367 1158 480 ·²³1-·³0n1ca·n1”s·
1252 385 1255 390 ·

373 567 449 640 'ollio
462 559 569 638 laa'lul
617 555 706 664 Haec
727 562 829 658 supra
844 561 1002 638 nostram
1021 563 1175 659 linguam
1199 552 1305 653 sunt,
1331 504 1445 652 ἀι

379 685 446 764 pra
463 665 626 740 auditum·
639 663 808 750 vestrum.

456 787 489 841 α.
515 757 780 838 Nunelntenm
794 760 991 856 videamuS,
1009 757 1165 856 quidest,
1182 757 1439 860 quoddi'citut:

370 859 473 940 'alliu
505 863 854 957 Relueainaerrogan
878 865 918 933 ad
947 869 1130 940 Dominum.
1184 858 1297 933 Abiit.
1351 860 1439 1028 (zuo

371 955 494 1036 abiit?
518 959 576 1036 E'x
594 979 639 1060 eo
659 959 769 1056 loco,
786 962 824 1034 in
842 977 915 1052 quo
933 980 1010 1058 non
1032 975 1108 1034 erat
1124 957 1325 1049 Dominus,
1352 980 1370 1029 a
1397 957 1440 1028 iit

373 1063 424 1135 ‘ad
440 1077 520 1136 eum
534 1059 676 1154 locum,
694 1062 731 1134 in
749 1081 821 1154 quo
844 1058 948 1132 erat‘l
968 1054 1060 1134 Hoc
1075 1059 1171 1134 enini
1192 1057 1336 1129 videtur
1351 1055 1440 1128 indi⁴

379 1181 483 1252 care,
502 1175 583 1234 cum
602 1159 748 1234 dicitur}
776 1152 869 1231 Abiit
888 1164 1080 1249 interrogare
1098 1161 1283 1231 Dominum.
1333 1154 1439 1230 Non·

375 1279 425 1335 ne
441 1260 573 1352 ubique
586 1259 637 1333 est
650 1257 774 1334 Deus?
801 1258 938 1332 Nonne
954 1255 1026 1354 ipse
1041 1259 1152 1332 dixit:
1182 1259 1296 1329 Caelum
1315 1253 1355 1332 (ἵ
1372 1272 1439 1327 aer-

371 1384 446 1430 ·ram
460 1361 578 1454 repleo,
604 1363 683 1436 dicit
703 1355 888 1430 Dominus?
899 1363 1001 1460 'Quo
1026 1379 1113 1454 ergo
1134 1359 1219 1430 abiit
1239 1353 1437 1430 Rebecca?

374 1457 458 1558 Ego
475 1457 579 1552 puto.
598 1457 695 1550 quod
710 1471 787 1532 non
803 1456 847 1556 de
863 1460 950 1530 loco
967 1459 1011 1532 ad
1022 1459 1143 1532 locum
1161 1457 1304 1550 abierit,
1317 1449 1375 1528 sed
1392 1453 1438 1528 de

373 1561 454 1630 vita
470 1553 663 1652 advitam,
690 1557 734 1630 de
748 1555 826 1630 astu
841 1557 885 1630 ad
903 1555 1042 1657 adium,
1068 1557 1113 1630 de
1130 1557 1236 1630 bonis
1250 1555 1293 1650 ad
1311 1555 1437 1628 melin-

369 1675 416 1738 ,τε
436 1655 612 1730 transierit
627 1682 647 1748 5
672 1657 727 1730 de·
738 1649 883 1730 utilibus
908 1659 951 1730 ad
974 1659 1120 1730 utiliora
1161 1656 1363 1755 ¹anienem,
1389 1653 1436 1727 de

374 1753 499 1830 sandiis
518 1757 560 1828 ad
577 1753 747 1830 sandiora
765 1754 1027 1850 properaverit.
1067 1757 1125 1828 Ab
1142 1757 1266 1854 urduin
1281 1773 1436 1844 namque

372 1853 447 1948 est,
466 1855 556 1928 fiita'
567 1871 732 1950 putemus
745 1853 1053 1948 imperitamfuille
1066 1851 1269 1948 Rebeccam
1285 1853 1317 1925 δι
1334 1851 1437 1926 indo·

367 1951 494 2050 'dlam‚
522 1975 598 2044 quae
618 1955 657 2026 i'n
678 1954 789 2026 domo
809 1948 972 2046 sapientis
994 1950 1156 2026 Abrahae'
1166 1949 1229 2026 sub
1256 1953 1339 2023 viro
1357 1973 1436 2026 eru-

371 2047 537 2125 ditissimo
549 2049 643 2152 liade
655 2051 772 2126 fuerat
784 2049 965 2146 instituta,
989 2065 1032 2125 ut
1043 2053 1136 2125 intra
1148 2053 1297 2144 aliquem
1312 2053 1435 2128 locum

372 2145 572 2224 Dominum
588 2152 772 2244 putaverit
790 2146 858 2226 effe
873 2151 1082 2225 conclusum
1090 2151 1109 2246 ',
1137 2153 1170 2224 &
1188 2152 1273 2224 illuc
1295 2151 1364 2222 iret
1382 2153 1435 2224 in-

372 2247 580 2346 ¹arrogare,
602 2247 691 2340 quid
709 2247 946 2342 parvulorum
964 2246 1080 2324 int'era
1092 2267 1235 2325 uterum
1255 2251 1434 2322 exultatio

371 2347 585 2444 designatae
605 2342 609 2348 ’
631 2345 698 2422 Vis
720 2361 836 2422 antem
860 2349 1012 2440 videre,
1045 2352 1128 2441 quia
1147 2369 1190 2422 ex
1209 2365 1312 2424 more
1331 2349 1436 2421 uenit

370 2446 446 2519 hoc
462 2445 606 2540 fandis,
632 2461 674 2520 ut
693 2449 955 2544 cumuliquida
983 2445 1066 2521 Deo
1092 2447 1229 2521 ostendi
1248 2449 1307 2520 sibi
1334 2448 1435 2522 uide·

369 2546 463 2636 rint,
491 2547 692 2641 valaniae,
720 2550 780 2621 vel
802 2547 948 2622 transare
964 2546 999 2621 se
1017 2547 1162 2622 dicant?
1186 2545 1336 2640 Moyses
1351 2567 1433 2620 cuin

370 2643 514 2720 vidillet
530 2647 658 2721 rubum
672 2647 809 2740 ardere,
834 2645 961 2722 ¹dzno'n
975 2649 1090 2742 exuri,
1113 2647 1304 2728 admiratus
1320 2643 1434 2720 visum

371 2745 480 2818 dixit:
511 2739 705 2832 Punicam,
739 2749 779 2822 θ’
802 2747 1039 2836 videlaaisum
1063 2751 1130 2826 hoc.
1191 2745 1281 2818 Non
1305 2741 1433 2836 utique

368 2841 405 2914 u
420 2837 493 2936 ipse
515 2843 738 2940 significabat·
750 2845 785 2918 se
805 2844 950 2938 aliquod
974 2859 1080 2919 terre
1104 2843 1250 2941 spatium
1269 2845 1434 2917 transitu·

368 2945 476 3031 rum,
512 2965 589 3015 non
615 2958 758 3015 montes
788 2943 1056 3036 conscendere,
1091 2965 1160 3017 nec
1183 2943 1317 3039 digredi
1344 2963 1434 3034 prae·

368 3055 475 3132 rupta
496 3044 725 3117 convallium.
776 3043 897 3135 Prope
911 3039 1022 3140 ipsum
1046 3059 1122 3117 erat
1141 3044 1253 3135 vino,
1289 3042 1430 3137 inore,

369 3139 404 3209 du
419 3142 456 3211 in
475 3143 590 3213 oculis
606 3142 694 3232 ejus,
746 3141 816 3213 Sed
831 3136 946 3232 dicio,
983 3146 1171 3234 transeam,
1205 3156 1248 3214 ut
1265 3139 1433 3215 ostendat

369 3235 405 3308 se
428 3240 689 3313 commonitum
707 3240 847 3314 vifione
871 3241 1001 3316 coelesti
1022 3243 1064 3315 ad
1081 3240 1298 3338 superiorem
1317 3241 1433 3316 vitam

249 3327 253 3340 '
368 3333 503 3407 debere
517 3339 776 3432 conscendere,
796 3343 838 3413 ab
849 3341 904 3414 his
917 3337 977 3434 ,in
993 3343 1119 3433 quibus
1132 3356 1230 3432 erat,
1247 3337 1291 3412 ad
1306 3339 1433 3412 melio·

366 3437 407 3504 ia
424 3436 580 3514 transire.
629 3436 691 3509 Sic
712 3455 800 3534 ergo
820 3439 854 3512 du
871 3457 970 3514 nunc
995 3439 1152 3514 refertur
1171 3440 1215 3512 de
1239 3437 1432 3529 Rebecca,

370 3535 467 3624 quod
489 3536 576 3607 abiit
593 3535 816 3634 interrogare
835 3539 1054 3614 Dolninunat
1079 3533 1159 3633 quae
1179 3536 1241 3637 (ut
1258 3535 1431 3636 diximus)

368 3632 485 3731 abiille
504 3653 580 3706 non
596 3635 756 3727 pellibus
778 3637 936 3734 pedum,
973 3633 1032 3712 sed
1056 3633 1431 3729 mentis'profedlibus

367 3732 597 3806 existimanda
614 3727 674 3808 est.
725 3733 774 3807 Et
790 3751 830 3806 tu
848 3751 959 3834 ergo,
987 3738 1011 3810 sa
1035 3741 1183 3831 coeperis
1207 3736 1338 3809 intueri
1353 3757 1432 3808 non

366 3854 430 3922 ea,
448 3853 525 3923 quae
540 3831 732 3932 uidentur,
751 3831 809 3905 sed
824 3855 902 3926 quae
916 3859 991 3909 non
1007 3837 1197 3932 videntur,
1214 3837 1249 3908 id
1266 3835 1335 3928 est,
1352 3855 1431 3909 non

366 3935 519 4004 carnalia
535 3929 592 4004 sed
608 3929 774 4024 spiritalia
789 3955 867 4006 non
883 3935 1089 4027 praesentia,
1120 3932 1182 4009 'sed
1200 3937 1342 4027 futura,
1370 3937 1431 4007 ab·

362 4028 436 4102 iille
451 4029 576 4105 diceris
589 4032 810 4129 interrogare
823 4032 1035 4111 Dominum.
1062 4035 1097 4108 Si
1113 4057 1214 4110 eruas
1230 4049 1268 4108 te
1280 4034 1325 4107 de
1342 4055 1430 4108 con·

1261 4130 1377 4208 versa·
