3417 4692
311 325 423 450 ,nt
638 313 1084 424 *ou1uuu‘1s
1188 403 1194 418 .

351 505 632 596 feffionisovile
646 517 836 586 revo'care.
863 510 934 583 Sed
952 510 1036 602 quid
1051 509 1135 585 mihi
1150 503 1307 603 prodest,
1329 506 1418 586 fise·

351 607 636 713 qteu'Abrqhae‚
663 612 724 701 qui
739 611 790 682 est
808 609 988 702 Christus,
1015 612 1222 684 haereditate
1243 611 1416 703 poffideat

354 711 521 786 civitates
540 709 844 802 adversariorum,
872 710 1034 784 &meum
1049 711 1321 802 civitateuquou
1336 710 1417 804 pos·

351 809 488 883 fldeat?
521 810 602 884 stin
627 833 706 883 mea
725 812 900 902 civitate,
932 809 1006 882 hoc
1029 807 1097 894 est,
1132 809 1416 904 inanimam,

354 929 433 1000 quae
449 907 501 982 est
520 909 648 980 civitas
673 907 781 1006 Regis
804 910 942 1004 magni,
966 929 1084 1000 neque
1105 910 1203 1002 leges
1225 908 1322 1001 ejus,
1355 909 1417 982 ue·

354 1029 425 1100 que
446 1007 606 1080 instituta
628 1006 848 1082 serventur?
890 1009 988 1106 Quid
1012 1008 1097 1081 mihi
1121 1007 1289 1100 prodest,
1317 1008 1418 1099 quod

353 1106 564 1190 uniuersum¹
582 1109 752 1180 mundum
776 1105 947 1200 subjecit,
973 1106 1007 1178 &
1027 1105 1310 1178 adversariorum
1330 1110 1417 1181 civi·

354 1216 455 1280 tates'
468 1206 637 1300 poffidet‚
663 1207 777 1282 finon
795 1208 832 1278 in
851 1228 909 1280 me
928 1206 1149 1279 adversarios
1169 1203 1250 1278 suos
1270 1210 1416 1301 vincat,

354 1305 472 1380 finon
487 1307 642 1380 destruat
659 1308 795 1402 legem,
822 1327 899 1397 quae
915 1304 966 1378 est
983 1307 1020 1380 in
1032 1307 1199 1378 membris
1211 1308 1299 1380 meis
1312 1328 1419 1400 repu-

355 1425 465 1502 gnans
484 1406 553 1501 legi
565 1406 693 1478 mentis
710 1427 818 1497 meae,
845 1406 1078 1498 &captivum
1099 1427 1155 1477 me
1171 1406 1270 1476 ducit
1282 1411 1318 1478 in
1337 1408 1419 1503 lege

355 1504 524 1598 peccati?
551 1503 610 1576 Sic
625 1525 712 1601 ergo
730 1506 972 1596 unusquisque
986 1504 1145 1576 nostrum
1161 1503 1241 1576 satis
1257 1520 1356 1600 agat,
1373 1523 1416 1580 ut

357 1603 392 1676 ἀ
408 1607 445 1676 in
457 1602 515 1676 sua
525 1605 664 1698 anima,
692 1603 777 1676 &in
793 1604 857 1676 suo
874 1624 1033 1698 corpore
1052 1605 1173 1676 vincat
1186 1602 1342 1678 Christus
1358 1607 1418 1680 ad·

356 1705 536 1775 versarios
551 1702 654 1796 suos,
681 1701 917 1795 &subjiciens
930 1725 996 1775 eos
1013 1724 1056 1774 ac
1070 1702 1289 1792 triumphans
1308 1707 1418 1782 etiam

357 1799 426 1876 suae
447 1804 569 1876 animae
588 1802 759 1897 possideat
777 1804 973 1878 civitatem.
1026 1803 1109 1875 Hoc
1126 1804 1220 1875 enim
1237 1805 1351 1876 modo
1372 1807 1420 1878 de

357 1916 461 1996 parte
476 1904 552 1994 ejus
572 1900 763 1992 efficimur,
790 1902 834 1974 de
851 1915 953 1993 parte
968 1903 1137 1993 meliore,
1165 1922 1241 1992 quae
1259 1901 1309 1974 est
1328 1904 1419 1977 ficut

246 2045 249 2050 -
357 1999 466 2074 stellae
501 2003 581 2074 coeli
611 2003 648 2072 in
679 2001 861 2091 claritate,
887 2015 930 2073 ut
963 2006 998 2074 &
1026 2021 1095 2073 nos
1131 2001 1419 2080 benedittionem

292 2125 294 2130 ·
359 2097 515 2172 Abrahae
542 2120 670 2191 capere
699 2099 893 2191 poffimus,
926 2119 991 2191 pet
1016 2097 1193 2174 Christum
1219 2100 1418 2180 Dominum

359 2196 546 2288 nostrum,
580 2200 638 2272 cui
664 2198 714 2272 est
732 2198 854 2272 honor
873 2195 908 2272 ἂ
930 2199 1045 2295 gloria
1066 2201 1106 2272 in
1128 2197 1251 2274 saecula
1273 2200 1419 2277 saeculo·

265 2313 268 2318 ·
357 2315 449 2370 tum.
500 2298 630 2373 Amen.

368 2499 1416 2530 *annun-w*

659 2615 1118 2720 uout'mux.
1259 2627 1264 2636 '

362 2753 415 2826 De
439 2751 585 2846 Rebecca,
608 2781 677 2829 cum
696 2759 801 2850 exiffet
820 2764 862 2832 ad
883 2787 995 2858 aquam
1011 2761 1238 2856 hauriendam,
1264 2755 1303 2838 ὅ
1315 2786 1418 2836 occur·

374 2857 378 2866 ’
700 2858 784 2952 reffet
801 2869 830 2933 ei
848 2881 930 2958 puer
951 2863 1097 2938 Abrabae·

366 3013 397 3069 1.
448 2993 524 3068 saac
541 2993 679 3093 (iuquit
693 2994 886 3098 scriptura)
902 3002 1102 3094 crescebat,
1129 2999 1164 3075 &
1185 3001 1417 3076 confortaba-

471 3111 553 3188 tur,
579 3098 615 3170 id
635 3097 709 3190 est,
741 3102 905 3195 gaudium
927 3102 1109 3176 crescebat
1132 3102 1286 3175 Abrahae
1312 3103 1422 3196 ruspi-¹

362 3192 472 3265 cienti
486 3196 624 3268 non·ad
642 3220 703 3291 ea,
730 3220 807 3290 quae
824 3200 1015 3294 videntur,
1042 3202 1099 3274 sed
1117 3204 1418 3293 quaenonviden·

361 3301 432 3363 tur.
481 3293 569 3364 Non
592 3298 685 3368 enim
704 3298 946 3394 gaudebat-de
966 3300 1193 3392 praesentibus
1213 3298 1420 3394 Abraham,

360 3410 478 3482 neque
497 3390 542 3463 de
557 3392 691 3468 divitiis
711 3398 861 3498 muudi,
887 3399 1072 3478 &autibus
1092 3400 1216 3473 saeculi„
1268 3401 1337 3472 Sed
1359 3401 1418 3473 vit

363 3489 484 3561 audire
504 3492 683 3568 Abraham
701 3499 796 3569 unde
816 3498 1016 3593 gauderet?
1045 3497 1139 3572 Audi
1154 3500 1352 3574 Dominum
1374 3499 1421 3572 ad

360 3587 503 3682 Judaeos
523 3591 724 3670 dicentem:
749 3599 910 3670 Abraham
922 3616 1014 3695 pater
1034 3602 1132 3696 voster
1149 3602 1354 3693 defideruvit,
1380 3614 1421 3674 ut

360 3695 485 3759 videret
513 3695 591 3761 diem
622 3719 740 3780 meum,
768 3696 806 3771 (5
829 3701 935 3787 vidit,
957 3697 996 3774 (5
1008 3705 1136 3792 gavisus
1157 3701 1208 3792 est.
1258 3699 1326 3772 Per
1345 3702 1421 3772 hoc

361 3808 449 3883 ergo
474 3785 654 3878 crescebat
673 3794 793 3887 Isaac,
827 3819 892 3890 per
916 3797 1014 3889 quod
1043 3800 1196 3873 Abrahae
1224 3800 1314 3872 vifio
1333 3799 1420 3893 illa',

361 3907 430 3974 qua
454 3889 601 3964 videbat
622 3891 748 3966 Christi
773 3895 888 3989 diem,
924 3896 1078 3990 &spes,
1104 3900 1232 3990 quaein
1251 3899 1328 3991 ipso
1347 3897 1424 3992 est,

361 3985 486 4079 gaudia
503 3993 717 4072 cumulabat.
767 3991 892 4089 Atque
912 3999 1047 4072 utinam
1067 3997 1295 4098 efficeremini
1311 3999 1421 4078 etium

1297 4120 1369 4174 vot
