3417 4692
328 271 833 428 'commutatam
855 343 921 424 IN
944 341 1237 430 GENESJM.
1291 371 1343 448 33,

270 517 438 598 futurum
453 508 684 607 cognoscere.
736 508 924 603 Similiter,
949 509 1154 603 irproditor
1169 511 1276 606 Judns
1290 509 1339 596 es·

253 613 310 694 .se
337 611 479 710 potest,
504 610 625 706 potest
648 631 794 703 quoque
814 607 916 683 Deus
935 610 1033 684 illum
1055 609 1155 684 nolle
1176 613 1341 706 prodito·

273 737 353 792 rem
375 711 547 786 futurum.
608 709 685 804 Jam
711 709 737 784 fi
761 731 802 783 re
823 707 900 802 ipsa
922 709 1088 802 proditor
1113 709 1221 805 Judas
1242 713 1341 808 erit,
1374 737 1378 749 ¹

275 813 382 890 Deus
399 809 501 905 sane,
528 811 588 904 qui
604 825 793 902 utrumque
813 810 900 883 illud
916 805 993 882 fieri
1011 807 1109 904 polle
1134 815 1342 906 praenovit,

277 937 362 989 cum
377 915 414 985 in
429 931 539 984 unum
554 910 677 1002 cadat,
696 924 738 982 ut
754 911 1008 1004 contingenter
1023 908 1113 1001 fiat,
1138 912 1191 984 rei
1212 912 1345 986 verita·
1428 975 1432 980 .

276 1029 353 1088 tem
373 1009 620 1106 prenoscens,
645 1009 772 1104 Judarn
789 1005 916 1102 reipsa
938 1008 1165 1102 proditorem
1180 1010 1345 1088 futurum
1435 1035 1438 1042 ·

277 1108 496 1210 prenoscet,
522 1130 603 1182 cum
616 1111 755 1183 interea
770 1111 868 1201 quod
885 1131 966 1183 eum
980 1109 1017 1182 in
1032 1114 1179 1185 modum
1194 1107 1347 1208 cognos-

280 1216 353 1295 cit,
381 1210 483 1283 aliter
499 1229 544 1283 ex
562 1202 631 1282 sese
652 1210 797 1282 evenire
816 1206 944 1302 pollet.
980 1205 1121 1301 'Itaque
1135 1230 1213 1284 non
1228 1213 1349 1286 imme·

280 1315 357 1386 rito
373 1310 504 1384 divine
518 1310 737 1405 praenotioni
752 1307 921 1401 ejusmodi
936 1309 1056 1381 oratio
1069 1309 1263 1384 tribuatur:
1292 1331 1349 1384 ac·

283 1412 407 1486 cidere
423 1408 573 1483 omnino
589 1405 729 1503 potest,
754 1423 796 1481 ut
810 1411 884 1482 hoc
901 1409 944 1480 ab
958 1407 1025 1481 isto
1039 1405 1124 1499 liat3
1149 1410 1348 1486 nec-minus

282 1527 407 1586 tamen
425 1524 467 1582 ut
486 1509 729 1582 contrarium:
755 1525 824 1603 ego
847 1529 941 1581 vero
962 1529 1043 1581 cum
1061 1504 1137 1581 fieri
1156 1524 1351 1602 utrumque

284 1609 421 1710 poffit,
459 1609 609 1700 alterum
640 1610 713 1681 hoc
738 1606 899 1681 futurum
926 1608 1031 1684 novi.
1092 1606 1226 1701 Neque
1254 1613 1351 1684 eninr

288 1707 587 1804 quemadmodum
598 1708 699 1781 Deus
718 1707 867 1780 dixerit:
894 1704 971 1779 fieri
985 1727 1060 1779 non
1077 1708 1215 1802 potest,
1234 1723 1274 1781 ut
1292 1710 1352 1808 hic

285 1809 401 1885 homo
420 1810 546 1895 volet3
572 1809 622 1880 ita
648 1810 833 1880 oraculum
853 1813 948 1902 puta
963 1805 1008 1880 de
1034 1809 1154 1900 aliquo
1174 1809 1352 1904 reddens,

287 1909 388 1984 hunc
417 1922 478 1979 aut
503 1908 603 1979 illum
630 1922 888 1999 temperantem
912 1904 990 1978 fieri
1017 1928 1093 1980 oon
1118 1906 1219 2001 poffe
1244 1910 1376 1984 dicet,

288 2006 385 2084 Nam
399 2027 480 2080 cum
496 2007 594 2079 nulla
612 2006 755 2099 prorsus
771 2008 813 2079 ad
831 2008 1027 2080 volandum
1044 2008 1216 2082 facultate
1228 2009 1355 2082 instru-

289 2107 365 2184 etus
380 2106 494 2182 homo
510 2106 572 2199 fit,
598 2105 752 2199 ejusdem
765 2122 886 2200 tamen
900 2104 1085 2200 potestatis
1105 2109 1168 2201 est,
1194 2109 1256 2181 vel
1268 2123 1357 2182 tem·

288 2223 481 2304 peranter,
507 2210 570 2278 vel
583 2206 863 2299 intemperanter
880 2210 1018 2280 vivere.
1057 2206 1110 2279 lta
1128 2229 1207 2281 cum
1226 2225 1370 2281 utram·-

290 2327 362 2402 quc
376 2304 585 2380 facultatem
599 2306 750 2399 habeat,
778 2305 838 2397 qui
854 2306 1150 2399 cohortationes,
1179 2305 1359 2386 &doum

290 2429 348 2484 nae
376 2418 555 2499 praecepta
576 2406 751 2505 negligit,
778 2405 950 2478 deteriori
972 2404 1042 2478 sese
1069 2409 1271 2500 permittit,
1299 2406 1362 2499 qui

290 2506 381 2582 vite
405 2506 450 2579 ad
474 2506 637 2578 veritatis
666 2520 828 2580 normam
855 2508 1039 2601 exigenda
1061 2505 1199 2599 stutlio,
1225 2508 1262 2580 in
1284 2507 1361 2599 ejus

292 2606 526 2701 indagatione
550 2603 736 2698 versatur,
774 2606 803 2677 is
823 2606 867 2679 ad
889 2607 1073 2678 meliorem
1095 2602 1165 2679 sese
1186 2607 1360 2702 adjungit.

296 2699 474 2779 Caeterum
494 2704 592 2795 quod
612 2706 702 2777 alter
722 2704 766 2778 de
788 2725 880 2778 vero
900 2704 1101 2799 indagando
1124 2707 1240 2779 minus
1262 2706 1364 2779 labo·

298 2819 381 2896 tet,
409 2805 608 2897 voluptatis
630 2805 665 2878 id
685 2805 881 2900 cupiditate
903 2801 965 2893 fit3
1003 2804 1093 2876 alter
1117 2825 1232 2898 vero,
1264 2802 1366 2897 qnod
1452 2850 1455 2856 -

298 2905 375 2998 ejus
398 2901 515 2976 studio
541 2926 760 3000 magnopere
780 2919 974 2996 teneatur,
1013 2905 1056 2977 ad
1082 2904 1118 2977 id
1144 2906 1270 2997 partim
1292 2901 1367 2998 ipsa
1430 2981 1432 2986 ,

295 3004 379 3077 noti
435 3024 482 3095 e,
516 3000 685 3094 sensuque
717 3005 923 3095 communi,
949 3006 1077 3099 partim
1105 3004 1365 3078 cohortatione

299 3103 394 3176 addu
427 3103 470 3175 'us
487 3103 548 3176 cst.
573 3101 749 3176 Praeterea
764 3105 990 3197 voluptatem
1006 3105 1096 3176 aiter
1111 3125 1188 3176 non
1204 3125 1250 3176 eo
1268 3120 1367 3172 com·

299 3193 484 3296 plectitur,
512 3202 611 3294 quod
625 3202 792 3276 adversus
807 3225 884 3277 eam
900 3203 1090 3277 consistere
1105 3216 1281 3295 nequeat,
1307 3196 1368 3272 sed

238 3311 243 3326 ··
303 3297 405 3390 quod
421 3319 580 3395 pugnate
596 3324 677 3376 cum
698 3325 759 3395 ea,
785 3301 980 3395 ludarique
995 3303 1118 3375 nolitt·
1144 3304 1261 3374 calcat
1274 3321 1380 3375 eamr

302 3395 512 3494 dematur,
540 3401 638 3491 quod
656 3400 852 3495 adjunctam
869 3404 901 3474 ei
920 3403 1164 3495 utplurimum
1180 3397 1369 3497 turpitudi-

301 3515 388 3570 nem
401 3493 496 3578 ferre
511 3520 588 3572 non
604 3500 718 3594 poilit.
745 3500 804 3573 Ac
819 3505 951 3575 nullam
967 3501 1093 3595 prosus
1108 3523 1127 3573 a
1145 3502 1267 3573 divina
1281 3519 1371 3594 prae·
1436 3527 1437 3531 ¹

300 3596 485 3691 notione,
510 3602 616 3672 rebus
636 3601 698 3693 iis,
718 3621 803 3692 quas
822 3602 1019 3694 providet,
1047 3601 1288 3674 neceffitatem
1307 3602 1371 3673 im·

302 3696 413 3790 poni,
442 3717 522 3770 cum
549 3695 790 3793 superioribus
815 3703 1055 3796 argumentis,
1090 3716 1166 3775 tum
1187 3702 1260 3774 hoc
1281 3696 1374 3772 insu-

302 3813 369 3890 per
396 3793 568 3886 efficitur,
602 3801 699 3892 qnod
726 3801 762 3872 in
786 3800 890 3873 sacris
912 3800 1029 3894 paffim
1049 3800 1161 3873 literis
1183 3801 1374 3895 prophetae

304 3895 348 3970 nd
363 3897 609 3989 paenitentiam
626 3900 791 3973 homines
816 3901 1001 3973 cohortari
1022 3900 1240 3993 jubeantur,
1267 3900 1375 3991 idque
1427 3926 1430 3930 ’

243 4037 247 4070 t
301 3996 476 4090 perinde,
509 3999 592 4072 acsi
613 4002 774 4076 utrumii
795 4001 986 4076 meliorum
1001 4000 1044 4074 ad
1066 3998 1206 4102 frugem
1227 3997 1295 4073 sese
1320 4020 1375 4073 re·

244 4135 248 4180 i
356 4099 504 4192 origenis
533 4099 624 4172 Tum.
657 4101 700 4182 V.
876 4099 907 4178 C
1013 4187 1017 4194 ἱ
1212 4105 1347 4197 neptu-
