3417 4692
305 431 307 436 -
342 341 1247 487 co'uuour'ou1truco'ues1u.
1303 431 1349 509 ας
1439 513 1442 518 .

279 576 319 653 ad
343 563 413 648 tum
435 578 472 645 in
495 570 616 672 impeto
624 566 844 668 fortitudini?
859 573 932 662 stra.
988 575 1037 654 Et
1056 575 1129 646 vidi
1149 599 1217 645 eum
1236 594 1351 672 pesue-
1466 627 1469 634 -

252 743 257 760 ,
279 682 425 755 trientem
441 679 535 774 usque
550 677 591 754 nd
605 681 753 763 arietem,
781 675 984 776 &efferatus
1003 674 1043 772 esi
1059 682 1097 748 in
1112 700 1201 763 eum,
1228 678 1267 756 (ὅ
1278 700 1352 773 per·

281 803 315 850 cu
343 795 373 848 ct
389 782 536 864 arietem,
562 774 603 853 δ
618 781 803 850 comminuit
817 778 876 848 duo
892 800 1008 848 cernuo
1021 779 1107 875 ejus,
1134 775 1174 854 O*
1186 801 1253 848 nen
1269 798 1352 876 pote·

276 887 337 956 'rot
356 883 439 948 ories
457 877 586 974 tefiflete
603 881 655 966 si,
690 901 818 974 cumque
834 902 903 947 eum
918 873 1039 973 mififfet
1053 884 1101 947 'iu
1116 893 1255 966 terram,
1280 905 1352 951 een·
1393 887 1396 896 '

283 977 512 1054 culcauitt'du
542 1002 630 1050 nemo
651 980 766 1079 quibat
788 977 921 1064 liberare
943 984 1074 1054 arietem
1094 981 1129 1054 de
1149 1003 1248 1053 monto
1271 984 1352 1079 ejus.

285 1083 410 1150 Hirtus
431 1096 716 1178 autemeoprorum
738 1103 869 1173 magnus
885 1076 998 1172 soiius
1017 1079 1058 1178 esi
1080 1083 1201 1149 nimis:
1226 1105 1355 1180 cumque

283 1176 450 1272 treviffet,
470 1177 615 1272 statium
640 1179 680 1279 esd
700 1204 799 1250 comte
819 1183 886 1277 ejus
907 1181 1082 1273 magnum
1119 1175 1159 1254 ὕ
1181 1197 1252 1252 orta
1275 1183 1355 1270 sunt

284 1282 353 1352 clio
376 1297 516 1377 quatuor
535 1281 653 1352 cernuo
665 1280 777 1372 subter
799 1282 878 1351 tuat
893 1299 952 1375 pet
975 1296 1111 1376 quotuor
1134 1295 1250 1352 uentos
1276 1284 1354 1358 ccii.
1422 1297 1424 1302 ·

286 1386 339 1460 De
355 1405 419 1475 uno
433 1398 587 1458 autemut
600 1386 643 1452 eis
660 1379 804 1476 egreffiun
816 1381 857 1479 «β
877 1405 974 1458 cornu
988 1406 1087 1460 uuum
1094 1379 1211 1473 ferre,
1244 1381 1283 1458 (5
1295 1383 1356 1474 jo·

285 1473 426 1571 fiumjli
438 1482 559 1574 grande
573 1482 667 1565 vaide
680 1498 794 1553 centra
806 1481 965 1552 meridiem
979 1479 1018 1557 di
1032 1483 1227 1553 occidentem.
1255 1482 1356 1579 Quid

285 1579 639 1674 iric-Prophetarum,
658 1581 702 1654 de
726 1579 870 1672 Christo
896 1579 973 1674 ipso
1004 1601 1118 1654 voces
1146 1580 1181 1653 dc
1205 1584 1354 1660 oracula·

287 1679 595 1759 commemorem?
621 1682 665 1754 de
681 1681 913 1772 Bethleem,
940 1682 1002 1754 ubi
1020 1693 1149 1768 natus;
1175 1681 1220 1754 de
1236 1680 1356 1756 Naza-

285 1781 417 1870 retho‚
448 1781 510 1854 uhi
533 1781 703 1854 educatus
729 1779 806 1868 est3
841 1780 1139 1872 quemadmodum
1160 1779 1199 1853 in
1218 1777 1357 1878 AEgyp.

286 1896 364 1962 tum
389 1877 591 1971 stcefferit,
625 1902 703 1972 quae
726 1883 896 1954 miracula
919 1880 1138 1974 perfecerit,
1166 1881 1355 1972 quomodo

281 1979 407 2088 Judae,
437 2001 543 2070 quem
564 1980 826 2073 Apostolorum
849 1982 1095 2064 innumerum
1124 1996 1355 2077 aggregarat,

285 2075 472 2178 perfidiam
488 2081 805 2174 proditionemque
820 2079 994 2154 subierit?
1022 2082 1162 2180 Quibus
1180 2102 1226 2158 ex
1243 2083 1359 2162 omni-

278 2181 357 2264 Lbus
381 2193 482 2252 certe
505 2180 648 2271 quidem
674 2179 818 2254 illustria
844 2180 975 2253 divinae
996 2180 1233 2272 praenotionis
1259 2201 1360 2276 argu·

281 2294 412 2370 ¹menta
426 2278 616 2354 ducuntur.
658 2281 815 2353 Accedit
826 2279 899 2374 ipsa
916 2302 1061 2371 quoque
1078 2279 1282 2355 servatoris
1299 2301 1360 2352 au·

289 2375 462 2471 dimitat,
490 2378 574 2471 dum
598 2381 648 2453 ita
664 2382 846 2477 loquitur:
876 2383 952 2450 Cum
969 2382 1119 2454 uidereris
1136 2383 1362 2456 circumdarent

289 2480 327 2551 ab
344 2479 533 2550 exercitibus
542 2481 759 2568 Hierufcrlm,
775 2498 852 2550 tunc
860 2480 986 2569 scietis,
1004 2485 1363 2578 quioappropinquoot't

281 2580 438 2678 ¹desolatae
455 2582 533 2676 ejus.
583 2581 649 2652 His
664 2582 758 2653 enim
773 2581 896 2656 verbis
916 2580 999 2670 quid
1016 2580 1184 2673 deinceps
1198 2581 1361 2656 futurum

291 2677 403 2769 effer,
429 2679 502 2756 hoc
528 2678 580 2753 est
598 2679 799 2773 supremum
823 2676 1143 2776 Hierosolymitaoi
1169 2680 1299 2758 excidii
1320 2678 1363 2754 fi·-

290 2801 374 2860 nem
388 2832 400 2869 ,
416 2780 636 2874 exitumque,
659 2779 835 2874 praedixit.
1029 2851 1034 2861 ,
1336 2853 1341 2864 ,

298 2893 302 2900 ’
367 2901 403 2967 5.
428 2879 505 2972 Jam
524 2901 638 2973 vero,
666 2879 835 2972 quoniam
850 2878 944 2952 hanc
958 2880 994 2951 in
1015 2879 1099 2951 Deo
1117 2877 1364 2976 prenoscendi

291 2980 368 3050 vim
389 2979 494 3054 certis
510 2979 625 3056 adhue
641 2981 856 3075 argumentis
877 2978 1094 3052 ostendimus
1111 3034 1124 3072 ,
1148 2981 1285 3072 juverit
1303 2980 1364 3052 de·

291 3079 418 3169 inceps
442 3079 741 3168 quemadmodum
769 3077 859 3156 astra
887 3078 1067 3173 {ignorum
1088 3081 1176 3151 loco
1203 3079 1365 3162 instituta

291 3179 383 3268 fint,
410 3179 598 3270 explicare.
624 3177 858 3252 statuendum
876 3179 984 3275 igitur
997 3180 1034 3251 in
1047 3180 1167 3270 primis
1185 3178 1249 3273 est,
1277 3175 1366 3269 ejus-

293 3277 395 3349 modi
420 3277 589 3351 fideribus
615 3279 817 3374 affignatum
841 3299 883 3350 ac
904 3275 1088 3352 definitum
1109 3277 1179 3351 eru
1199 3293 1365 3371 motum,

293 3392 336 3450 ut
354 3399 433 3468 quae
446 3382 601 3456 errantia
615 3382 728 3476 vulgo
749 3379 940 3471 dicuntur,
964 3380 1062 3457 viam
1075 3377 1237 3456 fixisillis
1258 3393 1366 3476 atque

296 3475 544 3554 constantibus
566 3481 671 3571 plane
692 3479 911 3553 contrariam
931 3492 1088 3552 teneant.
1140 3477 1181 3550 Id
1202 3479 1300 3568 quod
1317 3497 1365 3551 eo

276 3576 450 3666 ,confluo
469 3576 600 3652 fadum
621 3579 700 3669 est,
733 3593 776 3650 ut
794 3598 840 3650 ex
861 3579 965 3650 vario
993 3577 1165 3651 astrorum
1188 3577 1276 3670 stur,
1303 3599 1369 3650 eo-
1401 3661 1408 3672 Ι

297 3697 399 3766 rum,
422 3698 498 3768 quae
515 3682 645 3770 partim
662 3678 827 3774 ungulis,
855 3680 982 3771 partim
1004 3681 1039 3750 io
1060 3676 1266 3764 uniuersum
1284 3700 1370 3750 eve-

297 3778 418 3866 niunt,
445 3775 539 3872 sogna
556 3780 713 3874 quaedam
730 3779 915 3871 hauriant,
942 3799 1018 3849 non
1028 3780 1100 3869 jam
1115 3777 1280 3852 homines
1294 3797 1370 3849 cer-

245 3929 247 3942 .
299 3876 517 3968 tequidem,
546 3876 685 3973 (exilia
703 3876 963 3971 enimstderum
978 3878 1240 3970 conversione,
1271 3876 1372 3968 quid

300 3976 385 4067 quid
405 3975 735 4073 autfaiturifioguli
750 3979 838 4068 ont,
856 3993 918 4048 aut
935 3976 1085 4070 paffuri,
1102 3997 1191 4055 vere
1203 3998 1244 4047 ac
1264 3989 1370 4048 certo

300 4079 528 4180 intelligere,
550 4099 670 4176 operae
689 4076 740 4159 est
762 4077 933 4260 ὴυηέεηιε
954 4079 1054 4158 vires
1077 4079 1387 4180 tenesmum·

885 4202 906 4274 S
1278 4197 1361 4274 W*
