3417 4692
382 363 452 454 448
565 397 582 440 ,-
696 339 1124 434 ortt-ormrs'

383 540 463 598 cum
489 539 510 594 a
537 513 708 613 scriptura
739 516 844 610 culpa
867 517 961 610 litis,
987 538 1064 592 non
1087 517 1132 593 ad
1153 539 1284 616 unum,
1313 519 1376 598 scd
1399 519 1443 598 ad

380 635 571 711 utrumque
589 614 794 690 reseraturi
829 616 927 712 de
950 617 1057 693 etiam
1079 620 1177 709 quod
1201 623 1259 690 vir
1276 622 1439 698 mulieris

380 718 527 812 indicit,
554 719 615 790 vel
630 716 783 809 imponit
798 715 851 806 ei,
867 715 912 787 1&
924 735 1001 788 non
1015 716 1093 790 eis?
1118 718 1153 790 dt
1169 719 1288 814 dabit,
1315 722 1442 812 &nom

380 820 503 920 potius
520 817 655 892 dabunt
671 835 752 888 cum
767 812 943 888 honore?
969 813 1018 886 Et
1038 819 1114 907 quis
1133 818 1197 892 iste
1213 817 1264 892 est
1283 819 1441 898 honori

382 917 495 1020 Quod
512 917 537 990 sr
557 915 671 990 infans
685 916 756 1008 jam
771 913 946 988 formatus
970 915 1119 1010 exierit,
1153 918 1351 1012 perculsae
1371 921 1443 996 liti·

378 1017 542 1117 gentibus
569 1016 655 1089 viris
671 1028 875 1110 praegnante
898 1014 1068 1109 muliere,
1094 1016 1241 1092 animam
1267 1015 1345 1094 dari
1363 1041 1438 1116 pro

381 1118 496 1194 anima
511 1115 615 1190 facile
635 1111 889 1212 intelligimus,
915 1115 988 1188 hoc
1010 1114 1081 1208 est,
1112 1133 1155 1188 ut
1172 1131 1294 1192 morte
1316 1121 1440 1196 vindi-

380 1229 484 1292 cetur
500 1212 687 1289 admissum.
739 1214 830 1310 Quae
841 1205 1034 1305 sequuntur
1050 1229 1189 1312 autem,
1213 1237 1341 1314 operae
1356 1241 1441 1314 pre-

381 1319 470 1394 tium
489 1315 541 1392 est
557 1313 753 1410 explicare:
783 1314 914 1386 oculum
919 1335 978 1410 pro
994 1312 1094 1405 oculu,
1118 1319 1240 1396 duntur
1250 1339 1313 1416 pru
1329 1323 1440 1396 dente.

380 1416 511 1514 Neque
526 1417 619 1491 enim
628 1413 851 1490 videturesse
865 1413 1224 1510 poffibile,utinfans,
1238 1439 1440 1515 quemper·

380 1519 474 1596 cussa
486 1517 610 1593 mulier
624 1513 831 1607 abortierit,
845 1514 1010 1608 quamvis
1028 1514 1202 1590 formatus
1216 1520 1366 1613 exierit,
1385 1523 1439 1594 in·

285 1623 287 1628 ’
378 1623 576 1716 telligamus
589 1615 687 1708 quod
703 1616 773 1688 viri
789 1614 959 1709 litigantis
977 1618 1075 1688 calce
1087 1613 1267 1707 perculsus
1282 1622 1451 1696 oculum

378 1723 417 1799 in
436 1713 789 1809 ventreperdiderit‚
813 1734 882 1806 pro
901 1733 973 1804 quo
989 1712 1171 1807 percussor
1184 1717 1302 1790 orbari
1318 1723 1437 1794 oculo

380 1841 402 1896 a
416 1818 594 1915 judicibus
609 1816 749 1888 debeat.
798 1812 869 1886 Sed
890 1833 1008 1906 pone,
1034 1814 1076 1887 stt
1093 1813 1128 1886 δι
1143 1814 1239 1908 hoc,
1265 1819 1437 1912 quiajam

377 1922 554 2002 formatus
571 1913 750 2006 refertur,
776 1910 860 2004 quid
881 1909 976 1984 &de
993 1911 1291 1988 dentedicemusi
1317 1914 1358 1988 N
1360 1940 1438 1992 um·

380 2015 523 2117 quidin
554 2027 684 2088 uentre
709 2016 831 2086 matris
853 2007 979 2084 dentes
1000 2012 1156 2095 habuit,
1190 2035 1282 2105 quos
1302 2037 1436 2107 percu·

379 2125 512 2197 tientes
534 2113 621 2188 illus
650 2107 865 2185 excuteret?
902 2108 1050 2182 sivero
1072 2113 1146 2185 hoc
1165 2111 1362 2188 referamus
1388 2117 1436 2192 ad

378 2238 477 2309 eam,
502 2235 579 2306 quae
590 2210 797 2302 abortierit,
824 2208 1011 2300 quomodo
1026 2209 1142 2284 rursus
1154 2213 1373 2308 conveniet,
1390 2231 1435 2292 ut

380 2315 561 2394 abortiens
577 2310 703 2387 mulier
721 2310 866 2381 oculum
886 2308 1031 2403 perdat,
1058 2326 1119 2383 aut
1135 2311 1259 2384 dentes
1279 2312 1433 2389 doleat?

379 2417 448 2493 Sed
461 2434 558 2509 pone
578 2409 659 2503 quia
675 2406 834 2504 perculsa
853 2406 990 2480 dicatur
1002 2409 1039 2482 in
1056 2411 1186 2503 oculo,
1213 2424 1275 2483 aut
1293 2413 1333 2486 in
1347 2414 1435 2490 den·

378 2533 438 2609 te,
465 2510 601 2588 &inde
623 2506 723 2583 causa
736 2506 881 2582 aborsus
902 2523 1030 2582 exorta
1047 2510 1108 2602 srt,
1135 2530 1232 2602 pone
1247 2511 1431 2610 livorem,

376 2637 476 2715 pone
494 2613 624 2685 uulnus
645 2607 845 2702 acceperit,
873 2607 955 2700 quid
974 2610 1078 2683 etiam
1101 2609 1257 2682 dicemus
1280 2615 1430 2686 combu·

377 2717 507 2794 sturam
528 2732 595 2805 pro
620 2706 870 2782 combustura‘l
895 2705 1080 2798 Numquid
1097 2708 1313 2802 litigantibus
1339 2714 1429 2787 viris

378 2810 529 2893 allistens
552 2808 678 2884 mulier
700 2806 863 2883 comburi
881 2807 1027 2899 potuit,
1054 2820 1096 2878 ut
1117 2806 1344 2882 combustura
1360 2833 1430 2904 pro

378 2910 606 2990 combustura
625 2903 818 2982 solvatur?
855 2908 949 3019 Quae
969 2918 1086 2980 tanen
1107 2904 1238 3003 fingula
1259 2905 1432 2982 videntur

376 3015 464 3092 mihi
480 3009 598 3085 necin
616 3005 893 3080 Deuteronomir
906 3005 1047 3097 quidem
1063 3007 1174 3094 locis,
1200 3008 1259 3080 ubi
1272 3007 1431 3084 fimiliter

377 3113 506 3210 scripta
521 3105 745 3198 referuntur,
772 3103 910 3178 facilem
929 3105 1060 3178 habere
1076 3106 1210 3178 exitum
1223 3103 1333 3200 polle.
1360 3108 1431 3181 Po·

376 3233 501 3294 namus
522 3211 615 3283 enirn
632 3205 666 3280 dt
683 3206 732 3278 ibi
747 3198 976 3278 exsurrexisse
993 3199 1116 3280 testem
1128 3205 1308 3299 iniquum,
1334 3206 1429 3282 testi·

334 3302 339 3311 ’
378 3313 540 3390 monium
558 3306 681 3381 salsum
702 3304 878 3378 dicentem
899 3302 1082 3377 adversum
1101 3305 1283 3379 hominem
1304 3304 1349 3380 de
1365 3304 1429 3382 im·

378 3412 526 3510 pietate.
576 3405 800 3481 Adhibentur
821 3416 972 3496 uterque
989 3403 1148 3496 judicio,
1178 3404 1360 3497 inquirant
1372 3408 1428 3500 Ju.

274 3573 277 3578 .
378 3511 476 3586 dices
500 3507 712 3606 diligenter,
746 3504 1014 3598 deprehendant
1036 3500 1277 3578 accusatorem
1294 3504 1358 3578 uel
1376 3522 1429 3582 te·

378 3604 672 3689 stemillumfslsa
686 3599 825 3679 dixisse:
852 3603 1038 3696 quomodo
1047 3603 1178 3698 judex,
1205 3603 1267 3696 qui
1276 3625 1428 3697 parcere

377 3731 456 3788 non
471 3707 580 3786 debet
597 3698 684 3780 salso
703 3699 802 3791 testi,
836 3695 1035 3777 &animam
1054 3705 1105 3777 rei
1128 3723 1195 3798 pro
1219 3705 1426 3783 innocentis

376 3811 493 3886 aalma
506 3808 690 3899 damnare,
716 3801 902 3896 quomodo
917 3803 1059 3897 inquam
1071 3805 1207 3896 poterit
1218 3804 1324 3880 etiam
1336 3825 1428 3880 ocu·

375 3911 452 3985 lum
466 3930 535 4004 pro
548 3906 660 3983 oculo
676 3899 857 3990 eximere?
885 3905 990 4003 Quasi
1007 3906 1140 3977 uerois
1155 3904 1215 3995 qui
1230 3902 1357 3996 injuste
1368 3926 1428 3979 ac·

378 4008 584 4106 curabatur,
609 4005 647 4082 in
671 4004 782 4081 oculo
805 4000 985 4108 ledendur
1006 4003 1115 4082 fuerit
1130 4003 1174 4080 ub
1196 3999 1427 4104 accusatore,

303 4143 365 4213 λ
419 4211 423 4216 Ι
1314 4115 1379 4180 aut
