3417 4692
416 464 427 476 ,
523 370 807 514 {ELECTA
832 372 898 450 IN
922 287 1203 452 EXODUlb
1314 363 1389 468 '333

329 535 469 612 oubiesis
484 540 656 609 Dominum
671 542 773 610 Deum
787 554 889 626 tuum,
904 560 1023 612 omuom
1036 537 1173 609 morbum
1184 528 1272 633 querit
1284 537 1390 608 torulo·

329 641 534 736 AEgyptiit5
567 651 632 709 orori
658 642 805 710 inbucom
826 639 983 734 super‘te.
1037 639 1110 736 Qui
1136 658 1222 734 ergo
1245 636 1388 709 strenue

276 806 279 810 .
327 738 403 813 tert
422 739 668 830 tentatio-nes,
697 760 869 813 coronam
895 739 1034 832 recipit.
1086 735 1195 811 Secus
1215 752 1333 810 autem
1353 736 1389 811 se

326 854 388 910 res
404 838 513 911 habet
534 839 570 910 in
595 839 754 913 diabolo.
805 840 837 910 ls
859 841 952 932 enim
975 851 1118 929 tentet,
1143 852 1184 907 ut
1205 838 1266 909 srbi
1289 835 1391 911 obse.

329 952 479 1030 quentes
497 935 698 1012 interficiat.
750 938 806 1010 Ae
821 938 921 1010 Deus
945 938 1085 1029 quidem
1108 949 1226 1008 tentat
1238 956 1314 1009 non
1333 938 1389 1010 fu·

316 1038 401 1108 ·turi
416 1038 636 1133 ignorantia,
663 1036 720 1110 sed
734 1039 871 1110 homini
883 1037 1089 1109 facultatem
1104 1033 1260 1129 faciens,
1288 1036 1388 1134 quod

328 1138 439 1225 velit,
464 1137 657 1231 operandi,
684 1152 834 1231 propter
855 1136 991 1210 arbitrii
1003 1137 1217 1211 libertatem.

400 1237 470 1307 Hos
485 1238 524 1333 est
543 1239 673 1307 verbum
691 1241 769 1336 quud
787 1240 936 1335 loquutus
959 1237 999 1334 ιβ
1026 1240 1203 1307 Dominus:
1232 1234 1385 1324 subbato,

326 1340 450 1432 requies
460 1335 575 1425 sosublo
602 1340 738 1426 Domino
762 1342 860 1432 crau]
888 1334 1047 1429 Expono
1068 1355 1145 1431 quae
1164 1333 1208 1407 de
1227 1332 1386 1408 Sabbato

327 1433 418 1507 uicta
432 1433 529 1525 siunt,
555 1429 671 1528 primo
695 1436 884 1510 secundum
902 1436 1143 1527 mutaverim,
1170 1447 1212 1506 ut
1224 1433 1386 1529 videant,

325 1535 413 1626 quid
431 1535 601 1630 fignifieet
614 1537 735 1624 litera;
763 1537 891 1610 deinde
912 1534 1102 1610 secundum
1123 1534 1311 1628 spiritalem
1333 1535 1388 1607 in·
1460 1532 1475 1544 “

323 1632 527 1734 relletium,¹
550 1637 653 1728 juxta
667 1658 772 1727 quem
788 1636 939 1708 vdixerim
960 1636 1052 1708 diem
1071 1632 1204 1706 subbati
1218 1632 1313 1725 justo
1334 1637 1387 1708 in·

327 1734 509 1827 cumbere,
528 1735 587 1827 qui
606 1734 816 1808 destruxerit
826 1735 948 1807 mundi
963 1753 1087 1827 opera,
1102 1733 1162 1824 qui
1174 1730 1295 1805 Deum
1305 1736 1387 1830 glo·

326 1828 468 1924 rificrt,
494 1856 536 1905 ac
558 1837 713 1925 quietem
734 1836 819 1931 agit,
847 1836 906 1926 qui
920 1833 1165 1926 nequealoco
1180 1834 1301 1923 inquo
1314 1832 1386 1907 ste·

324 1931 393 2024 tir,
421 1930 562 2024 Christo
583 1935 770 2027 nimirum,
796 1934 953 2029 recedit,
989 1952 1060 2006 nec
1079 1931 1387 2029 ignemaceendit

323 2034 532 2125 peccando,
559 2055 678 2125 neque
700 2032 772 2106 fert
787 2055 908 2109 onera.
962 2029 1066 2105 Onus
1090 2044 1217 2105 monte
1240 2033 1385 2129 gravius

315 2146 651 2225 'omnepeccatum3
680 2136 911 2223 quamobrem
925 2128 1269 2226 dicebatpsatmista,
1290 2134 1387 2203 Sicut

324 2254 405 2299 unus
417 2257 515 2324 grave
526 2254 665 2325 gramsta
679 2236 756 2316 [utut
766 2234 861 2327 supet
882 2260 940 2328 me.
992 2229 1119 2304 Altera
1136 2243 1256 2306 autem
1272 2251 1388 2326 ellpo·¹

322 2329 405 2404 sotio
430 2329 565 2405 sabbati
583 2332 646 2422 su,
668 2332 771 2422 juxta
786 2327 1100 2428 quam'reliuquituo
1109 2329 1315 2421 sabbatismus
1330 2351 1386 2426 po-

316 2431 396 2528 pulo
412 2433 477 2501 Dei
495 2435 635 2521 requies
650 2429 746 2502 sacta
765 2431 798 2502 &
814 2430 937 2505 sanbla.
975 2429 1048 2530 Qui
1066 2449 1158 2502 veto
1175 2432 1296 2504 omnia
1307 2433 1385 2524 ejus

324 2528 414 2601 fecit
433 2551 565 2624 opera,
591 2532 620 2601 is
641 2530 767 2625 dignus
785 2531 938 2603 habetur
952 2530 1026 2602 hoc
1041 2528 1210 2621 sabbato,
1228 2529 1317 2604 nulli
1337 2532 1385 2604 al·

323 2627 394 2699 teri
412 2631 464 2701 rei
491 2649 622 2701 vacans
638 2665 663 2721 ,·
685 2631 789 2719 qu‘am
812 2630 1094 2721 contemplandae
1117 2630 1263 2700 veritati
1280 2628 1316 2702 ἃ
1334 2627 1385 2702 sa·

322 2728 478 2821 pientiae.
505 2730 592 2801 Haec
609 2741 727 2800 autem
741 2728 878 2801 idcirco
897 2724 1144 2820 exposuimus,
1161 2727 1260 2819 quod
1271 2723 1384 2821 Moy·

322 2826 376 2901 ses
390 2827 464 2900 hoc
481 2830 568 2901 loco
590 2828 773 2924 religionis
793 2815 926 2899 sabbati
948 2827 1157 2901 meminerit.

309 2949 312 2954 '
402 2928 450 2998 Et
458 2935 613 3021 percuties
625 2945 767 3021 petrum,
801 2930 840 3003 (5
855 2930 954 2996 exibit
973 2953 1011 2997 ex
1027 2952 1061 2996 eo
1084 2924 1198 3023 aqum]
1224 2921 1383 3001 Christus
1412 2991 1417 3002 ,

309 3039 433 3123 'petrae
452 3040 680 3119 comparatur
704 3030 754 3100 ob
779 3022 1021 3099 inconcussam
1044 3027 1140 3120 vim,
1173 3046 1219 3098 >ac
1239 3021 1384 3101 firmita-

320 3140 407 3200 tem.
457 3123 610 3199 Firmata
630 3126 724 3200 enim
743 3128 903 3201 inbonis
926 3124 1114 3199 estdivina
1134 3124 1383 3219 excellensque
1467 3158 1471 3170 =

320 3238 459 3300 natura.
1326 3241 1332 3250 ·
1437 3282 1439 3288 -

399 3327 464 3419 Ego
484 3328 573 3397 enisu
585 3326 657 3415 firm
684 3328 841 3396 Dominus
878 3328 967 3394 Deus
986 3316 1090 3414 tuu's,
1125 3329 1216 3398 Dosts
1238 3315 1381 3415 κώπῃ
1447 3365 1452 3370 -

321 3426 450 3496 sellem
460 3440 584 3520 peccota
592 3441 724 3521 potrum
738 3433 775 3496 iu
782 3421 871 3516 filios
888 3430 925 3493 irs
943 3431 1073 3495 tertium
1088 3424 1127 3512 (J
1143 3442 1291 3525 quartam
1306 3446 1381 3524 pro·

304 3530 461 3618 'geniem
487 3524 539 3594 his
556 3531 613 3621 qui
634 3526 767 3595 oberunt
791 3550 854 3601 me,
890 3522 928 3598 (5
938 3523 1068 3617 faciens
1089 3529 1382 3615 misericordiarum

320 3625 448 3713 millio,
474 3625 526 3694 buis
550 3630 607 3720 qui
626 3626 764 3717 diligunt
784 3650 858 3709 me,
889 3622 928 3697 (θ’
952 3625 1086 3708 suvant
1106 3644 1256 3722 psaeoepto
1280 3631 1380 3721 meu]
1449 3671 1484 3688 ι·

321 3726 439 3821 Quem
461 3745 536 3796 non
553 3725 743 3797 turbarunt
758 3726 833 3797 haec
849 3721 990 3797 verba?
1015 3724 1052 3798 Si
1066 3744 1170 3819 pater
1188 3728 1379 3819 peccavit,

317 3820 437 3916 filius,
465 3823 642 3914 tertiaque
667 3844 708 3896 ac
729 3836 853 3915 quarta
874 3825 1066 3920 progenies
1083 3831 1271 3919 pe'ccatum
1292 3826 1380 3897 reci·

316 3924 382 4017 pit.
433 3922 529 3996 Hinc
552 3924 609 3993 alii
626 3923 745 3997 Deum
761 3919 946 4013 accusant,
967 3926 1026 4015 qui
1046 3927 1142 4018 leges
1167 3922 1284 4015 dedit,
1321 3924 1382 3998 alii

315 4042 394 4097 non
410 4021 576 4095 accusant
594 4023 758 4117 quidem,
785 4042 875 4094 uere
888 4031 1008 4097 tamen
1027 4020 1200 4115 ejusmodi
1220 4024 1399 4195 qrfraedam.
1440 4107 1443 4112 Ι

1264 4141 1335 4196 ore
