3417 4692
354 487 468 560 ω-
695 437 1102 564 oat‘bt‘nrs

366 654 422 702 mc
436 628 600 722 sennenn
620 633 761 732 Christus
783 637 828 706 tna
843 633 941 710 veiis.
1002 631 1113 714 Tales
1138 653 1226 732 ergo
1248 634 1422 730 parturit,

265 823 268 832 Ι
368 727 608 808 &tales'srlios
626 747 775 831 generat
790 734 907 816 omnis
925 733 1081 814 Ecclesra
1096 732 1179 809 Dei.
1228 733 1347 826 Nam,
1365 738 1423 826 qur·

361 832 503 924 seminm
524 838 561 903 in
575 837 746 919 cerne,'rie
762 861 857 907 carne
877 835 916 910 θ’
936 851 1031 907 metet
1054 841 1292 929 corruptionem.
1343 831 1425 906 Filii

368 946 486 1008 autem
512 930 651 1027 spiritus
673 933 727 1010 isti
753 933 858 1028 sunt,
884 935 1076 1028 dequibus
1100 931 1350 1027 &Apostolus
1372 931 1423 1004 di·

258 1045 261 1050 '
367 1035 419 1108 cit
437 1033 618 1108 mulierem
634 1032 765 1112 salvam
782 1035 937 1115 futuram
949 1036 1153 1133 perfiliorum
1164 1040 1423 1130 procreationem,

352 1135 392 1232 ,ᾗ
403 1133 608 1228 permanserit
627 1139 663 1205 in
676 1136 742 1226 fide
757 1135 796 1213 si
812 1137 954 1234 castitate
988 1133 1145 1209 Ecclesia
1165 1133 1273 1230 igitur
1288 1132 1357 1206 Dei
1372 1131 1422 1206 sle

358 1234 542 1330 'intelligat
561 1247 707 1326 partus,
738 1235 784 1310 fic
810 1236 1060 1332 generationes
1082 1233 1256 1328 accipiat,
1292 1232 1340 1305 lic
1360 1253 1423 1325 pa·

367 1345 462 1410 trum
486 1331 581 1427 gesta
605 1334 737 1408 decora
757 1336 791 1412 u
808 1333 957 1414 honesta
978 1334 1278 1426 interpretatione
1298 1330 1422 1406 sustol-

366 1433 436 1520 lat,
462 1432 510 1506 sre
527 1435 638 1506 verba
659 1433 809 1528 Spiritus
832 1433 936 1510 sanai
956 1456 1033 1509 non
1052 1433 1180 1526 ineptis
1209 1432 1243 1506 bt
1264 1432 1422 1525 Judaicis

369 1533 497 1652 sabulis
515 1531 729 1627 decoloret,
756 1531 1160 1628 sedplenahonestetis,
1188 1532 1423 1625 &plenavin

336 1711 338 1716 ,
366 1635 454 1706 tutis
482 1646 588 1723 atque
607 1635 768 1708 utilitatis
796 1635 948 1730 resignet.
1007 1632 1180 1724 Alioquin
1207 1652 1284 1723 quae
1312 1625 1419 1705 nobis

289 1811 291 1822 ,
358 1729 555 1808 ¹aedilicutio
583 1735 651 1807 erit
676 1735 876 1834 legentibus
902 1734 1081 1808 Abraham
1105 1745 1243 1805 tantum
1276 1732 1423 1824 patriar·

368 1831 491 1923 cham,
517 1853 592 1906 non
610 1832 721 1907 solum
733 1835 921 1908 mentitum
939 1831 1232 1908 elsessnbimelech
1244 1832 1339 1926 regi,
1360 1827 1420 1902 sed

277 1939 279 1947 '
367 1933 405 2004 δι’
416 1933 620 2024 pudicitiam
641 1934 802 2029 coniugis
817 1931 1040 2027 prodidisse?
1066 1931 1164 2027 Quid
1185 1951 1253 2004 nos
1268 1926 1421 2002 aedificat

365 2033 455 2104 tanti
472 2031 680 2123 patriarchae
697 2053 820 2126 uxor,
846 2032 871 2106 sr
891 2046 1038 2129 putetur
1054 2030 1419 2104 contaminationibus

366 2129 883 2223 expofitaperconniventiam
895 2127 1417 2224 maritalemiHaecJudaeipu-

364 2243 469 2321 tent,
497 2228 574 2303 &fi
595 2230 754 2322 quicum
775 2231 824 2304 eis
844 2229 925 2304 sunt
946 2232 1058 2304 literae
1077 2228 1205 2322 amici,
1230 2249 1305 2303 non
1323 2227 1419 2321 spiri·

365 2339 444 2404 tus:
483 2349 551 2402 nos
575 2341 693 2404 autem
713 2329 922 2424 spiritalibus
951 2329 1115 2423 spiritalia
1143 2345 1417 2420 comparantes,

365 2426 399 2500 u
417 2426 493 2504 astu
507 2428 540 2501 &
552 2430 734 2503 intelleilu
752 2429 922 2525 spiritales
945 2428 1134 2504 efficiamur
1149 2429 1185 2502 in
1204 2427 1343 2502 Christo
1360 2428 1420 2522 Je-

363 2525 403 2602 su
424 2528 584 2604 Domino
603 2530 753 2623 nostro,
781 2531 837 2602 cui
863 2528 913 2604 est
931 2529 1045 2632 gloria
1064 2529 1295 2633 &imperium
1309 2530 1346 2603 iu
1361 2526 1418 2604 sae-

364 2627 686 2706 consecutorum.
712 2628 840 2710 Amen.

365 2836 563 2860 '—
1016 2829 1413 2856 *m

629 2966 727 3053 ΗΟ
753 2968 797 3042 Μ
822 2968 839 3042 Ι
864 2969 897 3044 L
922 2969 939 3043 Ι
963 2965 998 3042 A
1050 2967 1142 3044 Vll.

414 3133 467 3208 ne
489 3123 671 3203 nativitate
700 3131 783 3221 lfirec
797 3123 815 3219 ,'
835 3126 874 3206 ὅ
898 3130 976 3230 quod
1000 3156 1021 3201 a
1044 3127 1126 3202 infit
1150 3128 1291 3228 depulsus
1315 3126 1364 3220 eli.

366 3327 398 3384 r.
505 3310 608 3404 oyses
624 3311 730 3384 nobis
745 3310 874 3407 legitur
894 3309 930 3382 in
950 3307 1117 3388 Ecclesra.
1169 3307 1415 3403 Deprecemur

529 3412 747 3502 Dominum,
778 3432 823 3483 ne
841 3407 1031 3484 secundum
1054 3411 1205 3484 verbum
1222 3406 1415 3502 Apostoli,

326 3501 330 3511 “
362 3508 469 3582 etiam
486 3510 578 3602 apud
604 3531 696 3601 nos,
724 3530 803 3582 cum
828 3510 956 3604 legitur
980 3509 1150 3605 Moyses,
1186 3510 1350 3582 velamen
1370 3507 1415 3582 stt

361 3609 514 3704 poitum
530 3608 632 3701 super
651 3611 715 3681 c'or
739 3608 909 3683 nostrum.
961 3607 1109 3685 Lectum
1128 3606 1178 3682 est
1193 3609 1304 3698 enim,
1332 3609 1414 3699 quis

361 3721 533 3805 genuerat
548 3710 725 3781 Abraham
737 3707 847 3782 filium
860 3705 974 3800 Isaac,
1003 3731 1083 3783 cum
1099 3707 1184 3783 eilet
1197 3722 1341 3782 centurn
1355 3729 1414 3780 an-

359 3803 503 3886 norum.
554 3806 603 3880 Et
613 3809 701 3882 dixit
713 3809 813 3883 Sara:
841 3809 948 3901 Quis,
974 3810 1110 3903 inquit,
1133 3810 1298 3879 nunciabit
1310 3809 1415 3880 Abra·

314 3927 317 3936 '
358 3909 424 3993 lta,
451 3911 531 4006 quod
545 3907 786 4003 ietiatputrnm
797 3904 907 3981 Sara?
934 3909 1090 3992 Elium,
1118 3908 1252 4000 inquit,
1279 3913 1413 3978 circem.

356 4011 436 4079 cidit
450 4011 611 4082 Abraham
623 4030 753 4105 puerum
767 4014 816 4080 die
830 4005 951 4082 alleva.
1002 4009 1116 4100 Hujus
1132 4008 1233 4100 pueri
1247 4006 1339 4081 diem
1352 4028 1414 4079 na·

298 4173 321 4209 ,,
349 4108 458 4189 talem
473 4129 555 4197 uon
577 4109 740 4188 celebrat
755 4108 962 4207 Abraham,
989 4105 1049 4186 sed
1065 4107 1414 4306 celebratgzexgrssde·
