3417 4692
622 413 1115 493 INEXODUM.
1324 435 1402 507 nn

330 577 490 648 bedeima
509 577 556 647 die
572 580 693 669 menas.
744 577 855 675 Quod
876 580 1001 672 utique
1014 600 1092 654 non
1113 575 1242 669 absque
1259 575 1404 652 ratione

336 676 516 769 Scripmm
532 676 592 752 est.
618 680 827 753 Recordare
843 679 887 752 de
901 680 1038 775 legibus
1051 679 1187 772 paschae
1200 697 1278 770 quae
1295 675 1403 769 serio

339 776 491 867 tasum,
519 777 732 851 &invenies
748 779 817 861 ibi,
842 780 917 852 hoc
931 778 1000 852 esse
1014 791 1154 871 tempus
1171 774 1269 868 quod
1284 775 1405 849 statui·
1456 827 1460 832 -

341 888 402 946 tur
419 875 463 948 ad
481 874 673 976 secundum
687 876 815 972 pascha
837 877 1038 953 faciendum
1055 879 1131 971 his,
1157 876 1217 968 qui
1235 876 1406 950 immundi

338 973 376 1048 in
394 978 506 1048 anima
522 974 678 1069 fuerint,
704 981 766 1052 vel
783 978 952 1071 occupati
969 977 1005 1049 in
1022 978 1179 1074 negotiis
1195 976 1406 1070 peregrinis.

342 1073 521 1171 Qui'ergo
551 1095 627 1150 non
648 1077 796 1151 lunum
817 1077 987 1152 immundi
1008 1077 1046 1150 in
1069 1077 1210 1162 anima,
1243 1077 1306 1147 vel
1325 1095 1404 1148 non

341 1173 805 1272 longeperegrinabanttu,
832 1177 1094 1270 quartadecima
1112 1176 1169 1249 die
1186 1176 1290 1267 primi
1307 1193 1406 1249 men-

339 1271 382 1344 sts
413 1273 540 1365 pascha
569 1275 745 1354 fecerunt.
813 1279 887 1379 Qui
916 1291 1035 1348 autem
1065 1277 1175 1371 longe
1203 1276 1406 1369 peregrina·

336 1372 492 1464 bantur,
519 1376 741 1451 &immundi
757 1395 880 1469 erant,
915 1375 1106 1450 secundum
1124 1372 1251 1468 pascha
1274 1374 1311 1447 in
1331 1374 1405 1445 hoe

339 1482 506 1565 tempore
530 1474 693 1569 faciunt,
726 1499 799 1572 quo
828 1478 1010 1550 &manna
1031 1476 1075 1549 de
1097 1478 1190 1547 eoelo
1209 1469 1403 1547 descendit.

339 1570 381 1644 In
403 1573 460 1644 die
480 1593 553 1666 quo
571 1576 721 1667 primum
744 1575 872 1670 pascha
890 1571 952 1666 fit,
979 1595 1054 1648 non
1077 1573 1258 1648 descendit
1274 1592 1406 1646 manna

340 1671 385 1744 de
404 1675 520 1766 coelo,
547 1671 663 1748 sedin
685 1677 756 1749 froc
777 1697 850 1768 quo
875 1674 1067 1748 seeundum
1089 1672 1216 1767 pascha
1232 1670 1286 1747 fit.
1337 1671 1405 1745 Vi·

334 1769 484 1846 deamus
501 1791 589 1870 ergo
605 1793 724 1868 nune,
744 1777 821 1868 quis
841 1774 884 1848 fit
896 1776 933 1847 in
950 1773 1004 1848 his
1021 1774 1114 1845 ordo
1133 1769 1302 1864 mysterii.
1327 1768 1405 1844 Pri·

338 1891 436 1945 mum
466 1871 593 1964 pascha
619 1874 736 1968 primi'
751 1874 879 1971 populi
906 1873 968 1952 est.
1018 1874 1221 1947 Secundum
1247 1866 1405 1963 paseha,

336 1970 499 2043 nostrum
516 1970 576 2047 est.
602 1973 685 2046 Nos
701 1976 794 2048 enim
810 1973 941 2046 suimus
957 1973 1126 2048 immundi
1143 1972 1325 2051 inanima,
1344 1969 1406 2062 qui

334 2071 547 2144 ¹colebamus
566 2073 699 2166 lignum
715 2075 749 2147 dt
764 2067 942 2167 lapidem,
968 2075 1002 2145 da
1025 2074 1232 2168 ignorantes
1258 2070 1405 2162 Deum,

341 2170 396 2241 his
411 2171 471 2262 qui
486 2188 612 2244 natura
632 2193 708 2245 non
723 2189 825 2247 erant
838 2172 900 2245 Dii
917 2171 1168 2248 serviebamus.
1194 2169 1278 2243 Nos
1297 2169 1405 2244 etiam

341 2289 505 2361 eramus,
534 2273 592 2362 qui
613 2272 723 2366 longe
742 2274 1076 2368 peregrinabamur,
1110 2272 1154 2345 de
1173 2271 1300 2364 quibus
1317 2269 1406 2342 dicit

338 2368 559 2461 Apostolus:
586 2371 668 2462 quia
684 2372 814 2445 fuimus
833 2374 969 2469 hospites
987 2371 1026 2448 (5
1036 2376 1199 2471 peregrini
1213 2373 1407 2466 testamento·

332 2493 411 2539 rum
437 2474 519 2557 Dei,
544 2470 623 2562 spem
644 2495 710 2540 non
732 2472 906 2558 luente,
932 2473 972 2549 σ
986 2474 1056 2566 fine
1074 2477 1143 2543 Deo
1156 2473 1200 2542 'in
1213 2472 1272 2540 'stuc
1292 2469 1407 2540 mundo

337 2584 494 2640 errantes.
545 2570 794 2643 Veruntamen
809 2589 887 2644 non
909 2570 1014 2644 datur
1034 2591 1163 2646 manna
1187 2570 1232 2642 de
1251 2569 1344 2641 coelo
1364 2566 1406 2642 in

338 2667 399 2738 iila
420 2665 500 2757 die,
528 2685 596 2757 qua
609 2667 760 2760 primum
778 2668 906 2762 pascha
925 2665 990 2766 fit,
1017 2667 1075 2743 bd
1095 2672 1131 2742 in
1155 2670 1252 2756 illa‚.
1267 2688 1337 2759 qua
1353 2665 1405 2739 se·

338 2764 505 2840 cundum.
556 2764 659 2840 Panis
685 2769 778 2842 enim
806 2769 867 2858 qui
894 2768 940 2848 de
963 2767 1284 2856 coelodescendit,
1322 2785 1402 2842 non

338 2866 442 2936 venit
460 2864 502 2937 ad
515 2865 618 2958 illos,
645 2868 705 2958 qui
720 2867 867 2959 primam
883 2865 1144 2942 solemnitatem
1159 2865 1403 2957 celebrabant,

339 2963 397 3037 sed
418 2963 566 3047 acinos,
595 2966 653 3058 qui
670 2964 859 3041 secundam
878 2965 1101 3061 suscepimus.
1153 2967 1302 3060 Mflrum
1319 2968 1405 3034 mim

335 3064 451 3162 pascha
472 3066 648 3135 immolatus
664 3066 703 3158 esi
721 3066 883 3164 (lisbius,
910 3068 970 3160 qui
989 3085 1098 3141 verus
1117 3067 1222 3140 nobis
1243 3063 1342 3158 panis
1359 3062 1405 3138 de

338 3165 432 3236 coelo
448 3161 640 3239 descendit.
666 3164 736 3238 Sed
749 3166 894 3238 interim
909 3166 1107 3258 videamus,
1124 3164 1208 3259 quid
1222 3163 1287 3256 eli,
1303 3161 1405 3255 quod

338 3266 377 3338 in
395 3265 462 3336 hac
480 3263 538 3336 die
556 3263 690 3360 gestum
710 3263 936 3340 monstratur.
975 3262 1241 3360 Quintadecima,
1261 3262 1404 3356 inquit,

340 3366 389 3454 dia
403 3362 511 3459 menfis
519 3365 648 3453 secundi
665 3371 885 3438 murmuravit
895 3367 1046 3463 populus,
1070 3365 1111 3446 θ’
1122 3369 1227 3460 dixit,
1251 3369 1329 3464 quia
1343 3386 1406 3435 nat·

306 3499 308 3504 ·
333 3465 404 3537 'lius
412 3463 529 3555 fuerat
543 3488 601 3534 nor
618 3470 699 3535 mori
713 3470 750 3534 in
765 3467 926 3560 AEgyptm
946 3467 1125 3554 sedebamus
1137 3467 1322 3561 saporosos
1334 3486 1405 3534 car·

337 3568 441 3635 nium.
492 3560 528 3634 Ο
549 3564 705 3656 populus
723 3565 882 3660 ingratus
902 3564 1075 3641 defiderat
1090 3563 1312 3661 AEgyptum‚
1341 3562 1403 3655 qui

335 3661 534 3757 AEgyptios
554 3661 648 3735 vidit
665 3662 842 3737 extinstos
859 3665 869 3735 i
902 3662 1036 3738 Carnes
1053 3662 1206 3761 AEgypti
1223 3662 1402 3755 requirit,

342 3761 401 3851 qui
416 3759 673 3855 AEgyptiorum
694 3782 819 3835 carnes
836 3762 930 3836 vidit
948 3765 1054 3839 maris
1067 3763 1240 3858 piscibus,
1267 3761 1301 3835 dt
1320 3763 1402 3838 coeli

342 3860 482 3932 alitibus
499 3859 609 3935 datas.
633 3857 801 3935 Murmur
819 3855 905 3960 ergo
926 3862 1111 3937 adversum
1125 3860 1300 3954 Moysen,
1324 3860 1403 3936 imo

340 3956 525 4031 adversum
540 3958 666 4034 ‘Deum
680 3963 817 4036 levant.
868 3959 939 4034 Sed
959 3962 1033 4036 hoc
1052 3962 1169 4055 primo
1191 3960 1333 4053 quidem
1350 3960 1405 4059 ig·

338 4056 497 4141 noscitur
513 4055 744 4155 sesecundo,
769 4059 921 4137 fortasis
939 4060 974 4136 o
991 4061 1125 4136 tertio:
1149 4061 1403 4234 verumtamen
