3417 4692
407 401 499 534 rm
521 449 804 529 aamrsrm
828 445 1110 528 Homnae
1137 445 1236 527 xvr.
1315 469 1384 548 ,ῃ

325 614 435 713 pheta
455 614 621 687 dicebat:
652 618 798 712 Juvemis
807 614 890 707 fai,
916 619 1031 684 emmim
1038 612 1150 701 sanai,
1176 609 1216 688 (7
1228 635 1295 684 mom
1314 615 1388 682 viat

316 714 439 813 jasium
462 712 669 801 dereliiium,
705 740 761 785 mec
782 713 971 809 [emmajus
992 738 1133 810 quarens
1150 732 1277 808 panem,
1337 709 1398 785 Et.
1454 791 1458 801 ,

325 816 428 886 alibi:
456 816 533 884 Nam
546 816 659 884 occidet
676 819 832 886 Dominus
847 814 1082 902 famaamimam
1090 814 1184 908 justi.
1234 807 1292 884 Ex
1310 812 1386 903 qui·

322 914 391 984 bus
411 912 576 985 omnibus
596 914 795 986 declaratur
815 928 948 987 terram
964 908 1224 1004 quidem-,posse
1238 910 1313 1004 pati
1336 909 1386 994 fa-

322 1032 442 1100 mem,
471 1011 606 1104 beas,
633 1014 692 1104 qui
712 1028 855 1090 terrena
876 1009 1025 1105 sapiunt.
1078 1013 1247 1105 Quorum
1264 1026 1384 1086 autem
1422 1035 1425 1040 ·

321 1110 386 1184 iste
412 1111 510 1182 cibus
535 1109 606 1204 est,
632 1128 674 1184 ut
691 1112 824 1186 faciant
842 1115 1070 1187 voluntatem
1097 1112 1235 1204 patris,
1268 1109 1384 1202 quiin

323 1212 421 1282 coelis
440 1208 509 1300 est,
536 1210 743 1300 &quorum
768 1213 918 1286 animam
941 1212 1041 1312 panis
1058 1210 1119 1282 ille
1143 1211 1228 1297 alit,
1255 1209 1315 1298 qui
1336 1207 1382 1282 de

322 1311 416 1382 coeio
436 1308 636 1403 descendit,
664 1332 843 1402 nunquam
863 1308 1008 1403 poffunt
1025 1309 1127 1383 famis
1145 1308 1263 1382 inedia
1278 1308 1383 1380 labo·

322 1429 413 1482 rare.
465 1409 606 1481 idcirco
622 1432 707 1505 ergo
724 1409 958 1485 observanter
974 1408 1145 1504 scriptura
1163 1407 1285 1480 divina
1303 1427 1383 1482 non

322 1507 410 1580 dicit
429 1528 493 1580 eos
518 1508 610 1582 fame
627 1512 809 1602 obtineri,
837 1509 964 1600 quibus
982 1512 1090 1581 novit
1110 1506 1179 1581 effe
1200 1505 1382 1582 scientiam

319 1604 415 1696 Dei,
442 1608 615 1682 &cibum
635 1608 781 1682 celestis
796 1609 945 1703 praeberi
962 1607 1148 1702 sapientia.
1201 1605 1322 1679 Sed&
1341 1606 1382 1680 in
1423 1645 1428 1656 ,

321 1708 433 1778 tertio
456 1706 664 1799 Regnorum
681 1709 773 1780 libro
790 1708 936 1781 similem
959 1707 1003 1779 de
1017 1708 1195 1781 relatione
1211 1703 1312 1778 famis
1327 1704 1381 1782 in·

319 1807 447 1877 venies
468 1807 623 1880 habitam
644 1805 713 1880 effe
731 1808 927 1898 cautelam,
960 1807 1022 1879 ubi
1044 1827 1126 1880 cum
1145 1804 1256 1877 fames
1279 1803 1381 1877 inva-

318 1904 436 1979 luiffet
451 1904 711 2001 superterram,
728 1907 906 1979 dicentem
921 1906 1018 1978 audis
1027 1905 1167 1982 Heliam
1175 1905 1220 1977 ab
1230 1902 1378 1976 Achab:

325 2007 425 2080 Vivit
449 2008 608 2076 Dominus
635 2012 721 2078 Deus
748 2013 939 2095 vittatam,
966 2010 1056 2078 Deus
1074 2005 1197 2092 lsrael,
1230 2008 1268 2074 im
1287 2005 1380 2102 cujas

320 2103 480 2200 aamjpeiiu
490 2104 559 2201 fla,
581 2106 660 2200 ssim
680 2108 730 2175 itis
755 2113 855 2177 amnis
873 2131 922 2176 ras
943 2107 998 2178 vei
1018 2107 1136 2276 ἔανία
1162 2103 1268 2190 faerit
1282 2104 1379 2196 saper
1424 2131 1426 2136 ’

319 2222 459 2292 terram,
485 2206 545 2298 mrfi
558 2227 614 2301 per
623 2206 793 2295 sermonem
814 2211 878 2278 aris
897 2209 967 2277 mei.
1051 2218 1066 2278 t
1088 2202 1169 2297 post
1189 2203 1266 2278 haec
1281 2223 1377 2278 man·

318 2303 423 2376 datur
445 2304 643 2379 aDomino
665 2308 812 2400 corvis,
843 2318 887 2378 ut
905 2303 1049 2400 pascant
1071 2303 1308 2398 prophetam,
1342 2299 1378 2376 δι

317 2417 361 2473 ut
382 2425 505 2495 aquam
527 2406 628 2477 bibat
647 2405 691 2478 de
710 2419 875 2479 torrente
901 2404 1068 2478 Corrath.
1116 2401 1168 2475 Et
1185 2403 1317 2476 iterum
1337 2402 1376 2476 in

318 2500 467 2594 Sarepta
492 2501 648 2577 Sidonia
672 2504 859 2596 mandatur
879 2505 1017 2578 mulieri
1043 2502 1187 2592 vidua,
1228 2499 1377 2593 pascere

317 2603 556 2694 prophetam,
580 2616 623 2675 ut
646 2603 702 2674 cui
719 2624 796 2676 non
820 2603 968 2694 amplius
990 2622 1094 2693 quam
1110 2603 1214 2674 unius
1236 2599 1305 2672 diei
1323 2596 1374 2674 su·

315 2714 461 2794 parerat
479 2701 613 2796 vibius,
638 2703 823 2798 largiendo
834 2697 1046 2790 indeficiens,
1059 2697 1184 2789 fieret,
1211 2697 1375 2772 &multi-

317 2800 460 2892 pliciter
481 2801 678 2874 abundaret
699 2799 899 2878 exhaustus.
957 2798 1097 2894 Hydria
1117 2801 1210 2874 enim
1230 2796 1374 2892 farina,

320 2896 529 2994 &capsaces
545 2901 618 2974 olei
636 2899 830 2975 secundum
842 2900 996 2992 verbum
1012 2898 1164 2973 Domini
1180 2918 1259 2973 non
1276 2895 1372 2972 defe-

319 3000 371 3069 cit
394 2999 571 3090 pascendo
593 3002 816 3093 prophetam.
873 2999 1007 3072 Similia
1033 3019 1179 3090 quoque
1205 2995 1371 3070 invenies

316 3099 423 3170 etiam
444 3099 480 3170 in
495 3101 717 3192 temporibus
731 3097 891 3192 Helisaei,
916 3120 996 3172 cum
1009 3093 1102 3170 filius
1116 3096 1217 3173 Ader
1229 3117 1294 3170 rex
1306 3093 1373 3188 Sy·

315 3197 378 3269 riae
393 3194 549 3270 ascendit
560 3197 745 3273 adversum
760 3199 970 3292 Samariam,
997 3196 1030 3269 bt
1048 3195 1189 3272 obsedit
1199 3216 1296 3270 eam:
1323 3195 1372 3268 Ee

309 3294 406 3389 faiia
423 3298 479 3394 esi,
504 3298 642 3392 inquit,
661 3299 766 3392 samm
785 3321 899 3394 magma
912 3301 952 3368 im
966 3300 1113 3370 Samaria
1129 3299 1223 3396 usque
1242 3320 1281 3367 aa
1299 3291 1371 3386 affi-

316 3411 439 3470 ceretur
456 3414 548 3493 caput
561 3399 643 3495 afimi
659 3404 894 3497 quinquaginta
906 3398 994 3494 ficiis
1013 3402 1188 3492 argenteis,
1270 3418 1372 3493 quar-

316 3500 437 3592 ¹aara'um
446 3496 589 3593 jiercaris
605 3498 771 3570 columbini
786 3503 924 3597 quinqua
940 3502 1107 3591 argenteis.
1155 3494 1227 3576 sed
1249 3491 1368 3568 subito

313 3614 381 3689 per
406 3598 560 3671 verbum
583 3595 775 3696 Propheta
798 3595 842 3671 fit
865 3599 954 3672 mira
979 3593 1166 3690 converi,
1194 3593 1368 3669 dicentis:

313 3697 402 3769 Audi
415 3702 546 3768 verbam
565 3702 714 3786 Domini.
772 3703 848 3770 Hac
864 3699 941 3768 aicta
965 3701 1121 3770 Dominus
1141 3699 1247 3767 Deus:
1272 3696 1370 3764 Sicut

312 3795 374 3867 hac
397 3797 476 3866 hara
497 3797 631 3894 crastimo
658 3798 802 3889 mensura
815 3798 1010 3894 fimiiagimis
1022 3795 1098 3894 ficio
1122 3817 1207 3883 ana,
1237 3785 1276 3869 (θ’
1301 3793 1369 3862 dul

313 3897 462 3984 mensura
475 3897 661 3995 boriaificia
676 3923 738 3969 amo
751 3903 787 3970 im
806 3901 908 4012 partis
924 3900 1078 3968 Samaria
1092 3909 1202 3978 mam.
1249 3888 1367 3965 videa
1403 3939 1411 3960 .

314 4015 423 4094 ergo,
443 4017 490 4073 ax
505 3998 560 4074 bis
573 3998 739 4077 omnibus
757 3995 858 4172 qurds
857 3993 1082 4095 colligatur,
1095 3994 1178 4090 quia
1197 4011 1279 4068 cum
1296 4004 1367 4064 ter·
1475 4007 1480 4014 ·

880 4116 926 4190 3.
1080 4185 1083 4190 Ι
1173 4157 1176 4162 .
1241 4110 1325 4165 atta
1362 4161 1367 4176 ι
