3417 4692
367 425 449 500 ,eu
514 423 531 494 ,·
566 425 581 496 .·
696 399 1107 522 onrcnurs

374 565 601 658 tardaretur,
628 563 662 640 u
683 566 850 642 adversus
870 564 976 652 fidem
995 566 1100 640 animi
1118 575 1201 636 tota
1222 559 1336 634 carnia
1350 558 1440 639 mili·

376 667 428 738 tia
443 681 680 762 repugnaret,
707 668 847 740 additur
870 667 1081 741 tentationis
1097 678 1283 757 tempore:
1299 664 1439 754 Accipe,

369 765 517 855 ¹inquit,
544 786 631 862 ergo
637 769 746 858 filium
760 788 851 838 tunm
865 770 958 838 elteri
982 791 1097 854 rmum,
1112 788 1202 862 quem
1217 764 1321 856 deligis
1340 760 1436 849 iserae

375 861 466 952 Esto
489 865 679 959 Domine,
713 867 794 962 quia
820 885 1080 942 commemoras
1108 866 1154 936 de
1179 859 1257 936 lilio
1278 873 1437 954 patrem,

371 964 476 1046 ¹addis
502 964 793 1056 &chariffimum
820 986 926 1058 quem
945 965 1107 1060 precipis
1120 961 1290 1058 jugulari·
1336 955 1438 1034 Suffi-

375 1063 450 1148 ciat
462 1065 537 1140 hoc
552 1067 595 1140 ad
611 1067 818 1161 supplicium
835 1068 955 1158 patris.
988 1063 1101 1138 Addis
1117 1060 1274 1150 rursum,
1301 1057 1436 1152 &quem

373 1163 494 1256 diligis.
543 1164 621 1238 Sint
648 1167 743 1240 &in
776 1168 849 1240 hoc
874 1167 1013 1258 parenti
1045 1162 1224 1256 triplicata
1252 1158 1434 1252 supplicia.

374 1263 478 1364 ‚Quid
490 1285 583 1357 opus
599 1263 650 1340 est
665 1267 801 1359 adhuc,
816 1281 858 1340 ut
868 1283 1129 1339 commemores
1144 1261 1177 1332 dt
1191 1257 1300 1349 nael
1323 1257 1440 1330 Num·

374 1363 464 1454 quid
478 1361 657 1440 nesciebat
672 1365 875 1458 Abraham„
904 1367 985 1458 quia
1000 1361 1092 1437 filius
1116 1359 1197 1432 suus
1214 1362 1274 1432 ille
1290 1355 1440 1432 chanti-

376 1481 477 1553 mus,
510 1465 570 1550 ille
587 1487 691 1556 quem
708 1457 898 1562 diligebat,
923 1463 1018 1538 lsaac
1035 1457 1258 1536 votaretur?
1290 1457 1439 1532 Sedent

376 1559 454 1644 hoe
469 1563 609 1636 additur
623 1569 659 1640 in
681 1564 871 1660 tempore?
899 1563 952 1638 Ut
967 1563 1219 1637 recordaretur
1236 1557 1438 1648 Abraham,

377 1661 463 1750 ,quia
483 1665 622 1740 dixeras
634 1665 677 1740 ad
696 1689 799 1758 eum,
817 1667 894 1762 quod
909 1675 946 1736 m
966 1665 1049 1752 Istrae
1064 1663 1232 1732 vocabitur
1247 1660 1305 1728 tile
1320 1663 1440 1741 temen,

378 1758 525 1851 &quod
539 1765 575 1836 in
588 1763 683 1838 Isaac
699 1783 805 1838 erunt
821 1767 884 1840 tibi
901 1761 1198 1858 repromissiones.
1221 1755 1281 1834 Fit
1293 1755 1326 1828 dt
1340 1776 1440 1828 com·

377 1865 595 1944 memoratio
620 1868 794 1950 nominis,
832 1867 923 1936 ut&
946 1861 1240 1956 promissionum,
1275 1877 1354 1948 quae
1374 1853 1437 1927 sub

378 1957 454 2034 hoc
467 1963 614 2035 nomine
633 1963 730 2036 satlae
752 1963 850 2052 stent,
878 1963 1078 2055 desperatio
1094 1959 1226 2038 subeat
1277 1955 1348 2030 sed
1363 1956 1440 2032 haec

380 2063 521 2154 omnia,
548 2064 629 2153 quia
654 2065 818 2136 tentabat
830 2063 930 2138 Deus
946 2061 1138 2140 Abraham.

398 2230 401 2238 .
459 2181 491 2250 3.
519 2162 616 2262 Quid
629 2162 710 2254 post
722 2163 826 2238 hec?
860 2167 963 2244 sede,
990 2163 1127 2252 inquit,
1156 2163 1191 2226 in
1213 2151 1442 2228 terremexcel-

374 2255 445 2349 sam
459 2267 496 2330 ἐκ
512 2284 611 2330 utrum
627 2286 666 2332 ex
680 2267 858 2347 ruentibus,
884 2287 971 2359 quem
988 2261 1046 2332 ribr
1061 2261 1229 2356 ostendero,
1255 2254 1293 2332 (5
1313 2255 1357 2322 ili
1371 2276 1441 2324 eum

379 2358 487 2448 offeres
509 2361 724 2454 holocaustum.
775 2364 967 2440 Intuemini
990 2379 1055 2458 per
1078 2359 1228 2454 singula,
1252 2353 1441 2446 quomodo

380 2454 477 2544 fiunt
498 2463 711 2536 tentationis
733 2481 931 2559 augmenta.
996 2465 1083 2533 bixle
1101 2467 1137 2527 m
1154 2480 1270 2526 terram
1286 2473 1443 2536 excetram.

380 2553 567 2650 Numquid
582 2581 658 2634 non
678 2577 848 2655 potuerat
862 2565 944 2636 duci
957 2565 1054 2659 prius
1071 2558 1252 2634 Abraham
1263 2577 1341 2628 cum
1355 2573 1441 2645 pue·

381 2677 428 2738 10
446 2658 489 2732 ad
506 2661 600 2734 illam
615 2678 742 2736 terram
760 2665 955 2754 excelsam,
982 2662 1168 2758 &imponi
1178 2658 1275 2750 prius
1290 2655 1327 2726 in
1340 2673 1443 2730 mon·

382 2768 457 2830 tem
476 2780 735 2855 quemcumque
755 2765 936 2856 delegerat
951 2762 1149 2846 Dominus,
1176 2757 1210 2828 u
1229 2755 1278 2828 ibi
1297 2755 1341 2828 ad
1361 2771 1444 2828 eunt

384 2855 477 2948 dici,
510 2872 552 2931 ut
575 2859 726 2934 offerret
745 2859 889 2936 filiun?
924 2861 994 2935 Sed
1009 2860 1105 2954 prius
1125 2858 1157 2929 ei
1183 2856 1335 2944 dicier,
1362 2857 1444 2945 quia

383 2954 521 3030 offerre
534 2957 664 3032 debeat
679 2959 788 3035 filium
805 2961 924 3052 sutem,
952 2960 1085 3034 &tunc
1094 2959 1242 3050 jubetur
1254 2956 1306 3030 ire
1319 2956 1354 3027 in
1370 2970 1441 3026 ter·

383 3076 458 3132 ram
477 3056 673 3151 excelsam,
711 3060 952 3134 &ascendere
973 3061 1009 3134 in
1031 3071 1204 3132 montem.
1257 3058 1343 3153 Quo
1368 3053 1444 3130 hot

383 3153 542 3247 spedat?
568 3156 622 3232 Ut
636 3161 717 3234 dum
741 3163 918 3252 ambulat,
944 3159 1025 3232 dum
1044 3161 1112 3230 iter
1127 3161 1224 3250 agit,
1250 3177 1313 3248 per
1329 3169 1446 3228 totam

382 3258 482 3328 viam
504 3259 785 3352 cogitationibus
808 3259 1046 3351 discerpatur,
1073 3270 1114 3330 ut
1126 3259 1443 3348 hincperurgente

381 3370 590 3448 precepto,
616 3358 700 3432 hinc
721 3382 809 3432 vero
826 3361 922 3432 unici
938 3358 1066 3432 affedtu
1081 3355 1287 3431 oblutlante
1308 3355 1443 3429 crucie-

383 3466 456 3528 tur.
507 3453 707 3549 Propterea
736 3479 823 3556 ergo
857 3462 964 3532 etiam
989 3461 1048 3530 via
1081 3456 1301 3550 injungitur,
1335 3455 1445 3528 etiam

382 3555 520 3630 montis
541 3553 718 3649 ascensio,
744 3560 840 3630 utin
859 3559 910 3633 his
931 3561 1096 3632 omnibus
1116 3555 1262 3650 spatium
1281 3553 1444 3626 certami-

383 3652 440 3728 nis
455 3656 606 3748 accipiat
620 3656 808 3732 assolitus&
821 3653 931 3750 sides,
957 3680 1058 3730 amor
1075 3657 1143 3728 Dei
1153 3655 1187 3728 ὃς
1199 3675 1300 3728 amor
1313 3654 1444 3745 carnis,

383 3752 608 3848 presentium
635 3759 746 3850 gratia
768 3757 1039 3850 &exspectatio
1060 3759 1276 3832 futurorum.
1326 3754 1444 3827 Mitti-

384 3865 445 3926 tur
465 3875 552 3949 ergo
574 3857 609 3927 in
630 3870 759 3930 terram
782 3856 978 3948 excelsam,
1012 3857 1044 3928 u
1065 3877 1140 3930 non
1157 3851 1281 3926 sufficit
1297 3855 1443 3946 patriar-

386 3952 463 4034 ehae
481 3968 620 4028 tantum
645 3976 736 4047 opus
763 3955 925 4030 Domino
949 3953 1137 4049 perat'turo
1165 3969 1259 4028 terra
1283 3953 1443 4044 excelsa,

294 4067 337 4228 ἱ
383 4045 447 4137 led
473 4051 507 4130 dt
530 4069 693 4140 montem
714 4056 863 4162 jubetur
888 4056 1098 4156 ascendere,
1122 4054 1280 4144 scilicet,
1298 4051 1446 4240 1ιιῑῇᾰο

530 4219 532 4226 .
1277 4169 1391 4230 catus
