3417 4692
365 395 447 475 ³70
579 305 584 314 ⁵
696 317 1106 452 ottonum

365 515 677 630 ¹criminabantur,
711 547 869 634 quatuor
886 531 1182 636 Evangeliorum
1213 538 1325 614 initiis
1360 525 1433 613 alli·

366 651 643 812 gamg'vmum
663 735 832 829 quoniam
850 757 951 829 arca,
976 757 1081 832 quam
1102 733 1300 814 describere
1322 759 1431 813 cona·

362 855 448 914 mur
461 880 473 918 ‚
498 855 575 909 non
598 832 712 910 solum
737 837 976 930 bicamerata,
1014 835 1073 910 secl
1096 835 1131 912 dt
1158 837 1382 911 tricamerata
1411 862 1432 912 a

258 957 260 964 ·
365 931 454 1014 Deo
471 933 629 1010 construi
639 937 809 1033 jubetur,
836 957 983 1032 operam
998 933 1122 1012 demus
1141 933 1176 1007 ta
1192 955 1261 1009 nos
1276 938 1319 1010 ad
1335 937 1430 1013 hanc

240 1079 248 1094 ι
355 1033 562 1130 duplicem,
576 1037 835 1138 quaepraecellit
849 1037 1126 1130 exposrtionem,
1142 1034 1429 1130 secundumprae·

364 1147 513 1228 ceptum
526 1134 595 1212 Dei
612 1136 718 1212 etiam
728 1138 870 1211 tertiam
880 1139 1039 1232 jungere.
1091 1135 1203 1210 Prima
1213 1136 1330 1228 enim,
1352 1157 1431 1228 qua

362 1233 562 1334 prae'ceffit,
597 1233 765 1312 historica
783 1236 860 1326 est,
886 1236 1002 1311 veluti
1024 1235 1290 1312 fundamentum
1313 1235 1428 1327 quod·

362 1331 448 1408 dam
472 1335 510 1408 in
533 1329 762 1412 inferioribus
786 1336 911 1432 posita.
962 1335 1126 1414 Secunda
1153 1337 1228 1409 haec
1257 1335 1428 1430 mystica,

364 1429 529 1525 superior
546 1433 581 1508 dt
598 1435 774 1518 excelsior
787 1435 868 1511 suit.
892 1433 1055 1512 Tertiam
1073 1435 1097 1508 sr
1112 1433 1293 1528 possumus
1310 1454 1428 1510 mora·

364 1533 437 1610 lem
458 1545 638 1608 tentemur
662 1535 836 1628 adjicere:
864 1536 1025 1629 quamvis
1052 1533 1176 1610 &hoc
1198 1532 1308 1627 ipsum
1328 1536 1429 1625 quod

360 1653 483 1728 neque
497 1634 745 1710 bicameratam
763 1632 875 1712 solum
890 1635 982 1714 dixit
997 1633 1161 1725 desiluit,
1186 1655 1305 1726 neque
1322 1635 1427 1714 trica·

363 1747 536 1812 metatam
551 1747 688 1808 tantum
709 1733 743 1810 &
757 1733 927 1828 cessavit,
952 1731 1012 1812 sed
1025 1754 1105 1808 cum
1120 1731 1258 1806 dixisset
1273 1733 1426 1807 bicame-

362 1843 501 1923 ratam,
536 1833 671 1908 addidit
689 1833 732 1907 da
754 1835 1041 1924 tricameratam,
1074 1843 1143 1905 nec
1166 1831 1295 1926 absque
1320 1835 1425 1924 hujus

361 1929 469 2028 ipfius
481 1931 731 2028 expositionis,
748 1953 852 2026 quam
869 1934 1039 2007 babemus
1054 1933 1091 2006 in
1105 1935 1287 2022 manibus,
1306 1931 1426 2005 videa·

360 2032 425 2104 tur
448 2027 517 2104 esse
536 2029 719 2124 mysterio.
767 2033 864 2111 Nam
887 2035 1110 2108 tricamerata
1132 2033 1307 2123 triplicem
1333 2032 1449 2108 hanc

360 2129 828 2230 expofitionemdefignant.
854 2131 925 2205 Sed
939 2133 1020 2223 quia
1033 2151 1109 2204 non
1121 2125 1255 2224 semper
1266 2131 1303 2203 in
1320 2128 1427 2224 scrip-

361 2229 452 2302 turis
469 2228 600 2306 divinis
616 2228 804 2308 historialis
823 2229 1078 2324 consequentia
1094 2229 1185 2303 stare
1200 2229 1339 2323 potest,
1366 2228 1426 2303 sed

360 2347 630 2424 nonnumquam
645 2323 789 2425 deficit,
814 2348 855 2406 ut
879 2325 1005 2428 (verbi
1020 2327 1142 2424 causa)
1166 2351 1247 2404 cum
1260 2328 1422 2402 dicitur:

350 2430 472 2524 Spina
493 2431 662 2516 nubentur
683 2435 722 2502 in
741 2457 836 2504 manu
862 2431 992 2526 abriofir
1024 2431 1059 2512 δι
1081 2451 1163 2503 cum
1187 2431 1225 2502 in
1245 2432 1384 2520 templo
1402 2451 1424 2502 α

361 2525 556 2604 Salomone
571 2527 776 2610 construsto
792 2532 938 2607 dicitur:
969 2534 1039 2604 Vox
1054 2532 1158 2601 mallei
1175 2528 1213 2604 ss
1224 2532 1339 2609 secum
1355 2553 1423 2598 nom

359 2628 401 2726 ιβ
415 2633 526 2700 audita
544 2636 580 2706 iar
595 2633 680 2704 domo
702 2637 780 2708 Dei:
813 2631 989 2708 &iterum
1001 2629 1039 2704 in
1055 2627 1247 2720 Levitico,
1276 2649 1355 2702 cum
1372 2629 1423 2701 le·

357 2749 426 2904 pta
446 2731 591 2905 {agitatis
614 2729 841 2902 {pelliculae
859 2727 896 2802 dr
915 2729 1070 2909 stzmirlrlis
1091 2725 1380 2903 inspigigussetsr
1396 2749 1424 2844 ‘a

356 2847 510 3008 iiior
537 2851 650 3010 solua
667 2849 1011 3016 discnssit
1039 2850 1319 3003 dilimari
1338 2849 1421 3001 232:

356 3030 595 3123 contexitur,
619 3041 662 3106 ut
680 3027 827 3106 sciamus
843 3031 880 3103 in
895 3026 1075 3124 scripturis
1091 3027 1221 3100 divinis
1235 3048 1311 3100 non
1334 3027 1419 3100 sem·

387 3147 425 3204 er
435 3129 635 3224 triplicem,
662 3131 745 3224 quia
761 3151 836 3207 non
850 3127 987 3220 semper
1001 3147 1070 3202 nos
1087 3125 1230 3200 historia
1247 3126 1419 3220 sequitur,

374 3225 421 3304 cd
439 3227 618 3307 interdurn
638 3229 788 3327 duplicis
804 3227 1056 3306 tantummodo
1078 3226 1209 3301 sensum
1226 3226 1422 3320 exposrtio·

358 3327 416 3408 nis
437 3325 616 3408 insertum.
667 3329 867 3410 Tentemus
882 3329 990 3426 igitur
1013 3327 1206 3401 &tertiam
1226 3325 1420 3420 erposrtio·

257 3459 260 3466 ·
356 3447 444 3508 nem
465 3425 658 3522 disserere,
689 3428 882 3510 secundum
901 3429 1074 3502 moralem
1097 3428 1230 3500 locum.
1281 3425 1417 3516 Siquis

359 3524 426 3620 est,
446 3530 505 3621 qui
521 3528 760 3608 crescentibus
775 3530 896 3618 malis,
910 3525 943 3599 dr
957 3525 1210 3600 inundantibus
1222 3524 1418 3598 vitiiscon·

359 3639 508 3706 uertere
531 3627 566 3704 se
582 3628 704 3724 potest
720 3651 740 3702 a
754 3629 861 3702 rebus
875 3625 982 3706 fluxis
1006 3624 1286 3719 &pereuntibus
1306 3622 1342 3698 n
1361 3646 1417 3698 ca·

357 3727 487 3822 ducis,
512 3725 684 3803 &audire
698 3729 850 3804 verbum
869 3725 967 3820 Dei,
993 3746 1036 3798 ac
1051 3738 1230 3819 praecepta
1244 3721 1414 3802 coelestia:

294 3883 298 3904 .
354 3827 420 3908 ilic
437 3832 530 3903 intra
550 3824 728 3903 corsuum
748 3849 863 3902 arcam
889 3825 1006 3901 salutis
1026 3823 1205 3906 aedisicat,
1233 3822 1266 3896 dt
1286 3823 1416 3896 biblio·

354 3929 503 4006 thecam
519 3925 582 4024 (ut
595 3928 647 4002 ita
658 3926 794 4028 dicam)
806 3928 900 4001 intra
914 3924 949 3998 se
964 3923 1077 3998 divini
1090 3922 1277 3997 consecrat
1288 3923 1415 4015 verbi,

353 4027 622 4176 longitudinem
639 4029 677 4106 in
697 4049 769 4125 ea,
795 4028 829 4105 n
851 4024 1099 4124 latitudinem,
1124 4023 1415 4216 ἀαύὲιάἀθίἓίια,
