3417 4692
347 355 475 452 aas·
637 297 1128 434 :ormense

347 531 497 610 mente,
522 510 790 608 sollicitudine,
817 516 936 589 verbo
956 511 1028 590 Dei
1046 527 1194 610 operam
1215 513 1367 606 demus,
1393 514 1427 587 dc

348 621 390 696 in
403 620 483 715 lege
499 616 574 708 eius
589 616 646 689 die
665 637 707 688 ac
721 614 829 689 noste
847 617 1082 708 meditemur,
1108 613 1236 690 omissis
1253 615 1428 688 omnibus

351 715 440 796 Deo
463 738 657 808 vacemus,
687 729 920 790 exerceamur
937 707 975 788 in
994 715 1206 790 testimoniis
1221 715 1328 808 ejus,
1355 715 1431 789 hoc

349 817 406 894 est
419 815 635 890 conversum
658 815 728 889 esse
747 817 791 890 ad
814 817 1024 891 Dominum.
1074 814 1136 887 Tu
1154 833 1240 912 ergo
1254 815 1279 888 si
1295 816 1431 890 uolue-

349 917 402 992 ris
429 912 542 990 silium
570 929 673 991 tuum
695 914 785 990 scire
800 918 941 1008 literas,
975 931 1062 1008 quas
1078 917 1245 991 liberales
1262 931 1431 1012 vocant,

351 1013 442 1092 scire
457 1017 741 1113 grammaticam,
759 1019 820 1091 vel
830 1017 1050 1091 rhetoricam
1063 1015 1303 1110 disciplinam,
1326 1037 1432 1091 num·

352 1117 440 1208 quid
451 1138 528 1190 non
544 1118 587 1191 ab
605 1118 772 1190 omnibus
791 1137 873 1190 eum
887 1131 1043 1191 vacuum
1060 1117 1259 1190 &liberum
1274 1116 1429 1190 redditi

351 1213 542 1309 Numquid
565 1237 644 1290 non
665 1215 793 1292 omissis
821 1220 979 1309 caeteris,
1004 1217 1091 1289 huic
1111 1216 1175 1289 uni
1195 1207 1317 1314 studio
1342 1217 1432 1290 dare

355 1336 506 1411 operam
522 1315 643 1390 facis?
676 1315 924 1414 Paedagogos,
951 1317 1164 1413 magistros,
1196 1316 1332 1407 libros,
1367 1317 1433 1391 im-

352 1414 510 1512 pensas,
535 1417 626 1490 nihil
648 1415 793 1510 prorsus
816 1416 933 1491 deesse
952 1417 1062 1510 facis,
1089 1407 1327 1510 quoadusque
1348 1438 1434 1510 per·

354 1515 490 1590 setium
506 1516 683 1611 proposui
695 1515 800 1594 studii
820 1535 914 1612 opus
925 1530 1102 1613 reportet.
1154 1516 1246 1614 Quis
1261 1515 1433 1592 nostrum

354 1616 407 1688 ira
423 1613 458 1689 se
475 1616 518 1688 ad
532 1611 663 1690 divinae
680 1616 768 1713 legis
787 1615 899 1691 studia
915 1611 1128 1690 convertit?
1154 1614 1247 1717 Quis
1259 1615 1432 1692 nostrum

293 1773 296 1782 -
354 1715 407 1794 ita
424 1735 572 1811 operam
592 1714 723 1791 dediti
749 1719 840 1817 Quis
862 1732 967 1789 tanto
989 1717 1106 1791 studio
1131 1731 1174 1788 at
1190 1711 1319 1788 labore
1336 1717 1431 1790 divi·

357 1833 405 1889 na
423 1818 549 1908 quaerit
566 1813 700 1910 studia,
728 1831 865 1910 quanto
887 1819 1046 1908 qttaesrvit
1066 1813 1246 1890 humana?
1271 1811 1325 1886 Et
1342 1817 1431 1908 quid

355 1916 629 2010 conquerimur,
643 1918 666 1990 sr
684 1917 784 2008 quod
798 1936 877 1990 non
886 1918 1086 2008 didicimus,
1102 1911 1338 2010 ignoramus?
1352 1916 1431 1990 Ali·

357 2018 419 2108 qui
438 2015 596 2091 vestrum
615 2022 657 2089 ut
673 2015 817 2091 recitari
840 2018 1018 2090 audierint
1042 2031 1121 2109 que
1142 2019 1337 2110 leguntur,
1364 2016 1431 2090 sta·

356 2118 424 2188 tim
441 2115 637 2189 discedunt.
683 2116 795 2190 Nulla
813 2138 859 2188 ex
877 2115 954 2206 his,
980 2133 1058 2208 quae
1076 2113 1167 2189 dista
1184 2114 1264 2186 sunt
1284 2117 1431 2207 inquisr·
1471 2101 1475 2235 1

357 2216 413 2290 tio
447 2217 672 2309 adinvicem,
702 2217 801 2288 nulla
834 2217 1011 2309 collatio,
1049 2233 1222 2307 nusquam
1248 2217 1430 2290 memoria
1472 2257 1474 2262 ·

356 2316 515 2394 mandati
530 2315 649 2408 illius,
678 2329 751 2407 q'uo
771 2316 950 2390 redivina
976 2313 1036 2388 lex
1060 2328 1289 2388 commonet:
1319 2317 1432 2388 Inter·

358 2441 431 2508 roga
449 2434 556 2509 patrer
575 2430 665 2504 tuos,
692 2423 731 2492 (Ἰ
746 2417 955 2502 dicctandi,
977 2418 1171 2511 presbyteras
1193 2432 1285 2499 tuos,
1310 2415 1351 2488 (J
1370 2441 1430 2486 aar·

356 2516 559 2590 nuntiabunt
584 2514 656 2595 ribi.
709 2513 782 2588 Alii
800 2537 847 2589 ne
867 2515 939 2589 hoc
959 2511 1071 2611 ipsum
1087 2515 1227 2607 quidem
1242 2515 1427 2609 patienter

357 2613 583 2708 exspeiiant,
605 2636 794 2707 usquequo
807 2615 982 2688 leiiioncs
997 2614 1034 2688 in
1048 2611 1427 2690 Ecclesiarecitentur.

356 2714 431 2788 Alii
447 2733 540 2787 vero
555 2735 624 2787 nec
636 2715 879 2808 srrecitantur,
898 2711 1027 2807 sciunt,
1042 2715 1100 2787 sed
1115 2717 1150 2787 in
1163 2715 1426 2788 remotioribus

358 2814 547 2890 dominicae
565 2814 693 2888 domus
710 2817 824 2908 locis,
851 2813 1074 2887 saecularibus
1093 2814 1220 2888 fabulis
1241 2834 1426 2907 occupan-

356 2928 429 2990 tur.
477 2915 537 2988 Dc
552 2917 680 3007 quibus
694 2937 763 3011 ego
777 2914 876 2987 ausus
894 2915 967 2988 sum
986 2916 1125 3006 dicere,
1152 2914 1232 3005 quia
1243 2933 1327 2986 cum
1344 2915 1429 3010 iegi-

358 3028 418 3087 tur
435 3014 605 3108 Moyses,
629 3016 698 3107 jam
717 3037 793 3087 non
811 3018 974 3087 velamen
992 3015 1095 3107 super
1112 3034 1179 3087 cor
1198 3033 1348 3105 eorum,
1367 3013 1426 3087 sed

357 3116 473 3207 paries
494 3115 635 3205 quidam
655 3115 689 3186 da
708 3135 829 3186 murus
851 3113 902 3188 est
916 3114 1063 3211 pofitus.
1115 3114 1151 3186 Si
1175 3113 1270 3186 enim
1284 3114 1348 3186 ille
1366 3115 1425 3206 qui

360 3212 476 3307 adest,
503 3215 562 3307 qui
580 3215 697 3307 audit,
725 3213 935 3287 &intentus
954 3214 1025 3306 est,
1051 3213 1181 3305 &quae
1195 3211 1295 3285 audit
1312 3229 1425 3287 retra·

359 3312 450 3402 diat,
478 3315 512 3385 dt
527 3312 688 3407 discutit,
717 3314 841 3406 &quae
859 3314 989 3406 assequi
1007 3335 1081 3387 non
1101 3313 1241 3406 potest,
1268 3333 1427 3405 percon·

358 3425 477 3500 tatur,
506 3412 668 3504 didiscit,
692 3415 754 3485 vix
768 3415 888 3505 potest
903 3417 945 3486 ad
961 3415 1165 3486 libertatem
1180 3413 1337 3487 scientiae
1348 3433 1428 3507 per·

356 3513 511 3584 venire:
546 3513 605 3585 ille
624 3514 682 3604 qui
705 3512 892 3586 abscondit
921 3536 1024 3587 aures
1049 3513 1125 3587 suas
1148 3535 1195 3586 ne
1212 3512 1364 3605 audiat,
1391 3512 1427 3586 dt

355 3627 459 3708 terga
472 3615 510 3685 in
524 3611 652 3685 faciem
666 3614 817 3708 legentis
832 3615 1020 3706 obvertit,
1047 3613 1235 3705 quomodo
1251 3611 1426 3686 dicendus

357 3711 409 3788 est
430 3716 593 3785 velamen
617 3715 749 3786 habere
766 3713 1024 3806 superpositum
1042 3714 1164 3805 cordi,
1191 3713 1235 3786 ad
1252 3731 1359 3804 quern
1378 3733 1429 3787 ne

302 3899 304 3906 Ι
355 3810 469 3906 ipsum
492 3812 633 3902 quidem
658 3815 822 3886 velamen
844 3815 980 3900 litere,
1017 3835 1090 3905 quo
1113 3811 1230 3886 sensus
1259 3813 1426 3905 velatur,

357 3915 418 4004 qui
440 3912 496 3983 est·
513 3911 619 3984 sonus
638 3915 768 4004 vocis,
802 3915 941 3988 accessit
957 3914 975 3985 2
1001 3913 1162 3986 Evidens
1183 3914 1292 4009 igitur
1310 3907 1429 4006 figura

355 4010 429 4111 est,
456 4015 644 4105 quomodo
662 4012 819 4110 gloriosa
834 4012 986 4090 efficitur
1001 4013 1110 4090 facies
1122 4012 1264 4106 Moyfi:
1289 4011 1429 4126 habent

499 4179 503 4186 .
803 4165 809 4176 .
1181 4161 1187 4174 ·
1278 4131 1379 4186 emm
