3417 4692
1235 287 1260 352 Ι

355 365 444 490 '450-
665 357 1146 490 'orreum-re

369 524 575 627 legimusin
595 524 665 600 alio
690 526 778 601 loco
802 521 998 628 scriptumr
1029 527 1063 600 A
1082 529 1194 598 timore
1215 537 1272 596 ruo
1294 525 1437 608 Domina

372 633 409 701 in
433 651 520 700 uren
535 633 753 722 concepimus,
788 629 824 704 Θ
853 633 1037 728 peperimus.
1096 625 1171 726 Qui
1194 644 1283 720 ergo
1311 622 1437 695 conci·

370 729 498 826 pient,
526 725 559 802 δι
592 723 708 800 statim
740 725 908 822 pariunt,
943 725 998 798 isti
1032 740 1102 798 nec
1123 727 1291 800 mulieres
1318 719 1437 794 existi·

371 827 490 920 mandi
513 823 614 916 sunt,
634 822 698 920 sed
717 823 809 920 viri,
835 823 1034 920 &perfecti
1050 821 1130 899 viri.
1180 823 1355 914 Denique
1378 839 1437 892 au·

255 928 257 932 ’
308 921 311 937 '
374 928 410 1014 di
428 927 463 1000 u
481 925 695 1018 Prophetam
714 925 912 1001 dicentem:
939 931 978 996 Si
994 934 1109 1021 pepon
1130 942 1216 995 terra
1233 928 1362 1010 iar-ona
1376 924 1438 1010 dia,

370 1025 411 1104 ab
427 1045 507 1096 noro
520 1028 557 1116 all
569 1049 643 1119 gens
662 1031 696 1094 cre
711 1029 814 1110 semel.
844 1101 847 1120 Ι,
871 1025 939 1098 lsta
956 1045 1045 1121 ergo
1071 1019 1123 1098 est
1142 1021 1338 1120 generatio
1358 1039 1441 1114 per·

372 1118 683 1219 fessorumque
701 1122 816 1200 statim
834 1117 897 1198 sub
920 1124 976 1196 die
994 1179 1007 1216 ,
1033 1140 1076 1196 ut
1098 1137 1276 1216 concepta
1298 1119 1437 1212 suerit,

372 1223 539 1318 nascitur.
590 1225 729 1297 Verum
744 1242 792 1298 ne
811 1225 875 1296 tibi
893 1241 1031 1297 novum
1047 1224 1235 1316 videatur,
1261 1220 1366 1312 quod
1384 1220 1439 1292 vi·

371 1343 436 1398 ros
456 1340 579 1418 parere
596 1320 776 1416 diximus,
798 1317 869 1416 jam
888 1324 1019 1398 dudum
1037 1320 1260 1415 premisrmus
1281 1338 1440 1410 quomo·

374 1423 425 1510 do
447 1423 689 1496 membrorum
711 1417 986 1520 appellationem
1012 1423 1184 1518 suscipere
1208 1418 1371 1512 debeas,
1398 1430 1441 1492 ut

373 1521 521 1600 recedas
551 1543 570 1594 a
596 1524 784 1612 corporeis
811 1521 983 1613 sensibus,
1010 1521 1249 1596 &interioris
1276 1518 1439 1592 hominia

375 1622 493 1715 capias
523 1620 753 1696 intellectum.
802 1622 841 1694 Si
873 1636 991 1697 autem
1018 1623 1095 1715 vis,
1127 1633 1170 1692 ut
1193 1620 1308 1692 adhuc
1336 1617 1374 1692 δι
1397 1618 1440 1700 in

374 1721 449 1816 boc
475 1721 519 1794 de
545 1717 725 1812 scripturis
752 1719 818 1796 tibi
843 1715 1073 1814 satisfaciam,
1102 1720 1183 1794 audi
1214 1715 1440 1811 Apostolum

375 1819 572 1914 dicentem:
605 1821 715 1891 silroli
736 1833 817 1909 mei,
841 1847 917 1918 quos
934 1830 1047 1892 irarum
1066 1825 1233 1916 pertusio,
1258 1822 1350 1888 denec
1363 1818 1440 1909 sor·

375 1939 479 2004 oretur
496 1913 637 2018 Cbrallus
654 1926 691 1992 ln
709 1923 810 1993 vobis.
861 1917 1012 1994 Perfecti
1022 1939 1110 2017 ergo
1129 1918 1255 1992 sunt&
1274 1918 1346 1990 viri
1363 1915 1440 1992 fora

376 2032 453 2112 tes,
481 2020 687 2113 quistatim,
712 2031 755 2093 ut
773 2022 1002 2114 concipiunt,
1028 2020 1194 2113 pariunt,
1220 2016 1352 2108 idest,
1377 2015 1439 2107 qui

378 2133 598 2210 ¹conceptum
618 2115 702 2193 fidei
724 2122 877 2218 verbum
893 2117 930 2194 in
950 2139 1061 2215 opera
1077 2117 1294 2211 producunt.
1347 2115 1439 2190 Ani-

376 2236 434 2290 ma
457 2235 576 2288 autem
585 2269 602 2312 ,Ι
624 2238 702 2309 quae
723 2220 924 2312 concepit,
952 2219 985 2292 δι
1008 2219 1045 2289 in
1067 2231 1195 2291 ventre
1213 2217 1377 2306 retinet,
1403 2215 1439 2288 ot

377 2335 454 2400 non
477 2315 587 2410 parit,
621 2316 685 2390 ista
699 2320 824 2392 mulier
844 2319 1065 2411 appellatur,
1090 2318 1180 2390 sicut
1200 2315 1440 2407 &Propheta

379 2413 485 2488 dicit:
515 2420 640 2490 Doro
658 2435 775 2513 porrus
795 2421 997 2488 advenerunt
1018 2424 1065 2504 ei,
1091 2416 1129 2492 (Ψ
1153 2423 1264 2486 virtus
1288 2417 1438 2508 parienda·

377 2539 446 2603 oon
461 2519 499 2609 all
521 2535 561 2590 m
579 2542 626 2590 aa.
685 2515 772 2590 Haec
791 2538 879 2612 ergo
904 2517 1047 2608 anima,
1080 2537 1157 2607 quae
1177 2535 1271 2587 nunc
1294 2534 1366 2606 pro
1386 2516 1438 2588 in·

320 2691 326 2714 ἱ
378 2610 548 2688 firmitate
564 2607 614 2688 sui
636 2615 763 2690 mulier
785 2620 1013 2710 appellatur,
1040 2616 1182 2688 duobus
1200 2614 1295 2685 inter
1313 2614 1348 2686 se
1369 2615 1438 2686 liti·

378 2711 544 2888 flantibus
571 2716 676 2805 viris,
703 2714 797 2788 &in
824 2717 1017 2788 certamine
1035 2709 1193 2788 scandala
1218 2712 1437 2806 proferenti-

408 2834 466 2901 us,
493 2815 591 2905 quod
604 2816 738 2888 habere
749 2811 885 2907 semper
900 2817 1095 2888 verborum
1117 2814 1308 2886 contentio
1325 2813 1437 2900 solet,

379 2917 581 3016 percutitur
614 2914 647 2985 ἃ
678 2913 956 3007 scandalizatur,
991 2916 1041 2985 ita
1073 2927 1114 2985 ut
1147 2916 1297 2986 verbum
1328 2908 1437 3007 fidei,

381 3012 481 3104 quod
502 3014 657 3085 tenuiter
681 3031 926 3107 conceperat,
959 3014 1124 3105 abjiciat,
1159 3012 1368 3103 opereat,
1404 3011 1438 3088 ot

380 3111 457 3186 haec
479 3111 529 3185 est
553 3112 602 3184 lis.
620 3110 654 3184 ἃ
673 3113 865 3187 contentio
888 3112 931 3185 ad
956 3111 1180 3186 eversionem
1206 3110 1437 3196 audientium.

380 3207 417 3281 Si
436 3230 522 3306 ergo
545 3210 706 3284 nondum
727 3213 920 3302 formatum
942 3215 1079 3303 anima,
1106 3231 1182 3302 quae
1204 3208 1440 3290 scandalizata

381 3306 452 3398 est,
480 3309 650 3401 abjecerit
675 3313 852 3403 verbum,
888 3313 947 3402 qui
970 3308 1245 3402 scandalizavit,
1272 3310 1441 3386 damnum

382 3408 512 3482 dicitur
537 3411 620 3500 pati.
672 3411 739 3483 Vis
754 3409 840 3483 scire
865 3412 947 3502 qula
970 3408 1021 3483 est
1044 3412 1081 3484 in
1107 3411 1280 3499 aliquibus
1306 3409 1441 3484 forma·

381 3518 460 3579 tum
476 3510 645 3600 verbum,
673 3509 708 3582 in
726 3509 901 3601 aliquibus
923 3510 1085 3583 nondum
1106 3507 1326 3582 formatum?
1353 3506 1442 3584 Evie

336 3617 338 3622 ’
382 3605 510 3678 denter
533 3629 601 3680 nor
619 3608 730 3694 docet
748 3608 916 3700 Apostoli
938 3605 1087 3702 sermo,
1119 3629 1225 3701 quem
1247 3608 1351 3698 supra
1367 3629 1441 3688 me·⁸

380 3706 628 3794 moravimus,
656 3730 737 3782 cum
760 3711 829 3780 ait:
857 3709 965 3780 Donec
977 3709 1140 3798 formetur
1157 3708 1301 3803 chrislus
1322 3714 1360 3782 io
1383 3733 1440 3782 voe

380 3805 427 3892 lis
488 3803 644 3880 Christus
678 3823 795 3882 autem
828 3806 879 3881 est
911 3807 1074 3882 Verbum
1106 3806 1188 3882 Dei.
1237 3805 1310 3880 Per'
1340 3804 1442 3898 quorl

380 3901 558 3995 ostendit,
591 3907 671 3997 quia
693 3929 739 3999 eo
762 3922 927 4000 tempore
950 3928 1022 4002 quo
1043 3908 1244 3997 scribebat,
1277 3908 1442 3994 nondum

381 4018 458 4084 erat
468 4006 506 4078 in
520 4006 589 4092 illie
605 4006 798 4098 formatum
810 4007 976 4096 Verbum,
987 4007 1072 4096 Dei.
1123 4005 1161 4080 Si
1177 4007 1442 4104 ergonondum

1255 4103 1391 4198 ferma
