3417 4692
1439 325 1443 364 l

376 339 1272 483 couuauraararuouuasru.
1326 432 1369 506 η
1423 473 1427 480 .

300 562 528 656 disruptum,
563 562 784 656 effusumque
808 566 947 659 adipem
973 564 1041 638 esse
1061 579 1246 664 narratur,
1272 571 1372 661 quod

299 664 435 759 fignum
452 666 489 736 in
511 662 674 738 sermone
690 664 840 739 Domini
865 667 1044 760 propheta
1061 667 1218 743 dederat
1269 670 1370 744 Simi-

298 765 384 838 liter
403 764 495 857 apud
511 764 652 858 isaiam,
678 766 737 855 qui
753 766 873 838 multis
894 781 976 837 ante
989 768 1236 857 captivitatem
1254 769 1370 864 Baby·
1431 781 1438 792 ‘

297 865 456 938 lonicum
477 865 575 936 annis
595 866 760 953 vixerat,
788 865 832 937 de
852 863 952 957 Cyro
970 864 1150 940 Persarum
1169 887 1281 964 rege,
1309 871 1369 964 qui

298 978 413 1036 tanto.
424 964 672 1056 captivitatem
688 965 782 1036 illam
799 966 994 1038 intervallo
1012 966 1153 1039 secutus
1168 966 1241 1060 est,
1269 970 1367 1062 quip-

270 1099 274 1106 ·
295 1086 345 1158 pe
367 1065 427 1155 qui
445 1062 670 1138 instaurando
693 1062 850 1157 Templo
872 1062 929 1159 (id
949 1068 1047 1156 quod
1072 1067 1110 1137 in
1137 1063 1255 1152 Esdrae
1280 1084 1368 1144 tem·

295 1185 365 1259 pus
400 1164 550 1261 incidit)
577 1183 724 1256 operam
749 1166 892 1236 navarit
918 1163 1043 1258 suam,
1083 1167 1133 1236 ita
1154 1169 1368 1243 nominatim

295 1264 573 1355 praenuntiatun
602 1266 732 1337 habes:
770 1268 843 1334 Haec
869 1267 948 1334 dicit
976 1269 1133 1336 Dominus
1155 1268 1278 1365 Christo
1304 1291 1397 1350 mee,

298 1366 403 1457 Cyro,
428 1367 518 1460 cujus
532 1366 723 1459 apprehendi
740 1365 915 1451 dexteram,
942 1368 1152 1462 ursudjiciom
1167 1367 1367 1460 antefaciem

295 1468 367 1562 ejus
382 1481 513 1557 gentes,
541 1464 580 1540 <5
597 1464 830 1559 fortitudinem
852 1470 967 1559 Regum
983 1467 1200 1560 perfringam:
1225 1476 1367 1564 aperiam

292 1590 398 1634 coram
416 1569 595 1660 ajonem,
623 1566 661 1641 Θ
675 1583 774 1660 porra
789 1591 859 1634 meae
874 1569 1151 1646 noncloudenrur.
1205 1569 1270 1661 Ego
1286 1583 1366 1640 onte
1457 1577 1460 1582 '

292 1681 324 1736 re
344 1664 415 1749 ilo,
443 1665 482 1740 (5
502 1681 621 1735 montes
643 1666 858 1760 complanabo:
882 1683 990 1762 perros
1006 1683 1297 1752 meorumnam,
1324 1667 1365 1746 δ

292 1763 398 1835 velles
409 1763 534 1857 ferreos
558 1763 765 1859 confringam.
821 1768 869 1840 Et
888 1766 964 1836 dolo
980 1768 1039 1838 iiii
1059 1765 1222 1854 thesauros
1241 1769 1365 1858 abscon·
1450 1831 1458 1842 .

290 1869 397 1954 diior,
422 1867 567 1952 occultos,
594 1866 766 1961 invifibiles
785 1873 926 1962 aperiam
942 1868 1023 1954 tili,
1051 1886 1088 1937 ur
1098 1867 1200 1956 scios,
1220 1877 1299 1966 quia
1313 1893 1363 1965 ego

291 1970 454 2038 Dominus
474 1970 583 2050 Deus,
609 1970 667 2064 qni
683 1989 758 2038 voco
772 1990 884 2037 nomen
902 1986 1010 2049 rouen,
1039 1972 1130 2040 Dens
1148 1967 1252 2057 lsrael.
1287 1972 1362 2041 Pro·

285 2084 362 2164 pter
372 2066 502 2155 servum
518 2091 618 2136 merem
639 2068 741 2162 Jacob
759 2065 798 2142 d
818 2067 915 2156 Israel
936 2065 1064 2139 elafium
1083 2091 1207 2146 meum,
1233 2096 1281 2162 ego
1303 2095 1359 2140 vo·

290 2167 362 2238 cabo
380 2184 411 2241 re
430 2172 556 2244 nomine
573 2182 625 2237 ruo
648 2167 686 2244 Θ
702 2163 867 2264 firscipiam
885 2186 927 2238 re.
979 2167 1036 2240 Ex
1059 2169 1100 2240 iis
1121 2169 1215 2241 euim
1240 2168 1359 2261 quivis

286 2265 442 2361 prorsus
466 2268 661 2366 intelligat,
700 2267 836 2360 Cyrum
862 2270 900 2342 in
924 2267 1000 2361 ejus
1028 2267 1156 2360 populi
1185 2271 1359 2365 gratiam,

289 2388 397 2457 quem
417 2380 475 2439 tot
494 2364 676 2440 beneficiis
697 2366 888 2461 affecerat,
925 2382 967 2439 ut
986 2366 1224 2442 Hebraeorum
1242 2370 1359 2463 pieta·

287 2482 363 2554 tem
382 2487 422 2537 ac
438 2469 650 2563 religionem
669 2468 876 2561 ignoraret,
904 2489 924 2540 a
947 2466 1034 2540 Deo
1052 2481 1173 2541 tamen
1195 2469 1357 2566 gentium

286 2566 518 2664 plurimarum
538 2569 725 2658 imperium
741 2565 924 2664 accepisse.
963 2564 1087 2658 Atque
1104 2567 1142 2639 id
1157 2587 1204 2642 ex
1220 2565 1357 2652 Graeeie

288 2668 418 2758 etiam,
446 2669 504 2758 qui
517 2687 574 2740 res
588 2666 697 2760 Cyri,
725 2688 830 2758 quem
845 2666 1025 2760 propheta
1041 2666 1193 2759 cecinit,
1220 2688 1356 2740 memo·
1430 2699 1439 2756 2

287 2768 348 2838 riae
381 2767 645 2858 prodiderunt,
682 2765 816 2840 discere
841 2766 956 2862 poffis.
1024 2765 1229 2866 Quinetiam
1259 2767 1354 2858 apud

285 2865 497 2955 Danielem,
525 2887 599 2960 quo
613 2878 779 2959 tempore
793 2865 1055 2960 Babylonicum
1071 2863 1228 2940 florebat
1243 2865 1354 2957 impe·

244 3057 247 3063 ¹
284 2967 406 3057 rium,
441 2964 800 3040 Nabuchodonosori
821 2964 1025 3045 futurorum
1052 2965 1221 3060 deinceps
1242 2965 1354 3057 impe-

285 3066 426 3146 riorum
444 3068 567 3141 oblata
584 3064 718 3161 species
733 3065 794 3142 est.
846 3062 951 3140 Auro
973 3067 1105 3159 quippe
1130 3065 1353 3157 Babylonio·

283 3185 390 3260 rum,
425 3164 607 3246 Persarum
638 3181 812 3263 argento,
846 3165 1092 3242 Macedonum
1122 3186 1217 3255 aere,
1249 3163 1350 3239 ferro

278 3264 442 3358 ¹denique
468 3265 718 3341 Romanorum
745 3262 1008 3362 significabatur
1038 3265 1237 3358 imperium.
1288 3262 1349 3338 Ac

282 3363 403 3439 rursus
421 3366 516 3444 idem
534 3367 715 3464 propheta
737 3366 781 3440 de
802 3364 917 3439 Dario
939 3366 1037 3439 simul
1062 3366 1095 3438 δι
1113 3363 1349 3461 Alexandro,

281 3484 354 3540 nec
372 3487 447 3540 non
460 3466 505 3542 de
518 3481 674 3564 quatuor
689 3465 884 3539 Alexandri
904 3464 1153 3540 Macedonum
1166 3466 1258 3561 regis
1274 3462 1351 3537 suc·

285 3563 504 3661 cefforibus,
530 3565 679 3660 ipsoque
703 3566 923 3656 Ptolemaeo,
949 3568 1009 3656 qui
1031 3563 1182 3661 AEgypti
1199 3584 1349 3659 regnum

282 3666 432 3756 tenuit,
465 3667 594 3759 cuique
615 3667 718 3764 Lago
743 3679 1022 3764 cognomentum
1047 3665 1142 3756 fuit,
1175 3663 1349 3757 ejusmodi

283 3765 431 3857 reliquit
448 3769 651 3844 oraculum:
680 3768 758 3840 Ecce
772 3782 879 3838 aurem
894 3767 1000 3836 lrircm
1017 3786 1180 3860 caprarum
1199 3763 1348 3837 veniebat
1458 3773 1465 3783 ’

281 3865 321 3936 ab
334 3866 507 3957 occidente,
527 3867 622 3965 super
635 3866 871 3961 jacomottus
888 3881 1002 3950 terra5
1029 3863 1067 3942 (5
1088 3865 1197 3934 hircus
1217 3863 1348 3935 ualebat
1380 3927 1383 3932 .

283 3991 382 4038 cornu
398 3972 487 4040 inter
502 3971 601 4041 oculor
612 3970 695 4059 suos.
751 3969 799 4040 Er
817 3971 915 4038 venir
934 3967 1027 4064 usque
1047 3968 1087 4036 od
1107 3969 1239 4036 arietem
1257 3966 1352 4035 ilum,

283 4083 472 4159 tonorum,
497 4093 585 4169 quere
599 4071 742 4142 videram
761 4067 900 4245 flagrem
921 4084 996 4140 anre
1024 4065 1128 4154 urai.
1148 4066 1185 4142 (5
1201 4070 1357 4242 camrpip.
1451 4086 1465 4118 -r

777 4242 780 4250 .
862 4191 889 4262 4
1275 4192 1295 4235 a
