3417 4692
440 443 463 467 ²
576 349 1054 493 ¹1·N·EXOD·U·M.
1148 513 1151 520 Ι
1257 430 1328 510 457

277 592 425 684 poteret
441 563 597 672 Moyses
610 577 760 673 eligere,
785 575 844 650 sed
858 569 1068 670 Jesussolus
1087 570 1157 666 est,
1183 570 1334 667 quinos.-

280 684 324 759 stt
339 695 508 774 potentes
523 680 623 751 viros
642 678 797 772 eligere,
808 695 810 700 ·
823 673 883 767 qui
897 672 1014 747 dixit:
1042 677 1122 745 Non
1140 697 1196 744 vos
1212 699 1258 744 me
1274 677 1333 744 ele·

278 778 386 879 giliis,
404 780 458 868 sed
473 802 521 872 ego
534 803 590 848 vos
604 777 689 871 elegi.
740 771 817 868 Ipse
830 769 1129 848 enimelesiorum
1143 775 1233 867 dux,
1258 772 1333 864 ipse

257 921 259 926 -
282 879 486 1055 fotendum
501 878 689 973 princeps,
713 872 786 969 ipse
802 874 861 967 qui
875 870 1036 967 confligit
1052 893 1133 946 cum
1149 869 1333 949 Amalech.
1410 885 1414 890 ’

302 977 360 1072 pse
377 977 427 1052 est
440 978 532 1053 enim
550 978 607 1070 qui
618 976 728 1064 intrat
740 975 777 1048 in
792 973 938 1048 domum
954 968 1060 1045 fortis
1078 973 1113 1046 dt
1128 970 1246 1069 alligat
1258 971 1333 1046 sor·

283 1090 379 1172 tem,
405 1073 538 1151 &vasa
558 1076 633 1167 eius
656 1075 787 1167 diripit.

356 1198 393 1265 4.
418 1173 488 1253 Sed
503 1176 644 1250 interim
664 1173 847 1268 videmus,
875 1173 960 1265 quid
975 1192 1071 1247 nrrnc
1087 1165 1231 1244 historia
1248 1187 1335 1261 prae·
1391 1221 1394 1238 .

282 1272 361 1351 sens
395 1273 557 1349 retexat:
586 1273 760 1365 Ascendit,
789 1272 925 1365 inquit,
959 1273 1082 1368 Moyses
1116 1273 1155 1339 in
1185 1272 1337 1340 verticem

284 1377 378 1449 colis.
427 1373 601 1450 Nondum
621 1371 776 1447 ascendit
791 1373 832 1446 in
852 1372 1028 1447 verticem
1043 1368 1202 1446 montis·
1223 1365 1337 1441 sedin

271 1468 462 1547 ¹verticem
479 1474 593 1549 collis.
641 1472 860 1549 servabatur
877 1473 971 1545 eninr
990 1473 1022 1544 ei
1044 1484 1131 1543 tunc
1149 1420 1339 1542 ascendere

283 1574 322 1648 in
341 1573 516 1646 verticem
540 1573 699 1664 montis,
728 1592 809 1646 cum
823 1568 1034 1644 escensurus
1059 1582 1135 1641 erat
1154 1565 1278 1662 Jehs.
1303 1566 1338 1640 tr

285 1692 367 1751 cum
384 1668 459 1763 ipso
475 1669 654 1765 Moyses,
679 1671 713 1742 tr
733 1669 882 1764 Helias,
915 1670 1016 1743 &ibi
1033 1665 1338 1742 transformandus

285 1772 467 1865 ingloria.
518 1769 629 1844 Nunc
646 1790 732 1865 ergo
748 1772 852 1842 velut
876 1769 1035 1842 nondum
1058 1763 1276 1863 glorificatus
1292 1783 1339 1838 ex
1387 1817 1391 1826 .

267 1898 269 1902 ·
286 1868 604 1944 transformatione
623 1868 704 1964 Jesu
715 1918 732 1949 ‚
754 1868 916 1942 nondum
939 1865 1094 1941 ascendit
1111 1867 1148 1938 in
1165 1866 1340 1940 verticem

285 1970 446 2061 montis,
484 1965 541 2042 sed
563 1967 718 2041 ascendit
739 1967 776 2040 in
801 1968 976 2044 verticem
1003 1967 1133 2040 collis:
1166 1965 1214 2038 Er
1226 1962 1341 2058 jasius

287 2067 349 2164 ιβ,
376 2066 516 2159 inquit,
534 2092 608 2160 ¹cum
625 2067 764 2138 devaret
786 2066 912 2159 Moyses
929 2092 1059 2153 manus,
1086 2064 1343 2160 superirrstesar
1466 2105 1468 2112 ι

291 2167 398 2262 lsrael.
447 2164 596 2260 Moyses
612 2166 753 2259 quidem
767 2166 1045 2262 elevat-manus,
1069 2184 1146 2240 non
1162 2164 1340 2238 extendit:
1383 2187 1385 2194 ·

284 2263 387 2354 ‘Jesus
407 2278 525 2340 autem
545 2266 604 2359 qui
623 2262 825 2339 universum
842 2265 969 2339 orbem
988 2281 1098 2339 terrae·
1114 2265 1287 2338 exaltatus
1304 2265 1342 2338 in
1444 2303 1447 2308 ·

292 2385 398 2438 cruce
417 2366 669 2457 complexurus
689 2378 766 2438 erat
778 2364 931 2438 brachiis
947 2362 1041 2458 stris,
1069 2363 1173 2436 dicit:
1203 2365 1344 2435 Extendi
1371 2385 1375 2394 ·

291 2488 403 2536 manus
432 2487 514 2533 meas
534 2464 575 2533 ad
590 2484 627 2554 pn
648 2465 734 2534 ulum
758 2488 823 2532 non
842 2465 1034 2551 credentem,
1066 2460 1105 2540 ὅ
1129 2464 1345 2541 contradicen-

292 2579 355 2635 tem
374 2562 464 2635 mihi.
515 2484 665 2655 Moyses
682 2581 769 2658 ergo
792 2564 913 2635 elevat
933 2582 1055 2638 manus
1079 2558 1180 2641 suas,
1212 2558 1345 2635 &cum

292 2663 453 2740 elevaret
470 2680 614 2751 manns,
642 2660 853 2734 vincebatur
869 2660 1055 2735 Amalech.
1105 2656 1259 2733 Elevare
1274 2677 1345 2734 ma·
1396 2660 1399 2664 ’

292 2779 381 2851 nus,
408 2758 479 2832 hoc
493 2755 543 2829 'est
556 2779 667 2852 opera
683 2757 716 2831 dt
732 2757 827 2864 odins
844 2759 987 2832 elevare
1002 2760 1045 2832 ad
1057 2758 1197 2849 Deum,
1224 2749 1359 2834 &non'

292 2859 426 2934 habere
458 2855 553 2930 astus
578 2856 743 2932 deorsum
769 2857 949 2954 dejestos,
976 2859 1009 2933 dt
1040 2859 1137 2932 humi
1164 2854 1351 2951 jacentes,

294 2955 355 3032 sed
374 2955 459 3028 Deo
483 2954 655 3048 placitos,
682 2958 717 3030 dt
733 2956 776 3030 ad
795 2960 923 3034 coelum
937 2957 1095 3040 ,cresson
1143 2953 1276 3030 Elevat
1295 2978 1350 3030 er·

294 3077 343 3153 go
363 3075 508 3146 manus,
536 3056 596 3146 qui
618 3054 882 3130 thesaurizatio
903 3058 1050 3151 coelurn,
1075 3056 1137 3130 ubi
1158 3057 1251 3130 enim
1272 3055 1350 3129 the·

293 3155 414 3232 saurus
434 3154 536 3247 eius,
566 3154 616 3228 ibi
636 3153 670 3228 dt
689 3157 819 3242 oculus
845 3156 947 3249 ejus,
979 3157 1028 3230 ibi
1051 3156 1085 3228 dt
1112 3175 1235 3229 manus
1260 3157 1347 3250 ejus.

294 3253 428 3332 Elevat
444 3274 568 3326 manus
591 3251 701 3328 &ille
719 3255 779 3348 qui
797 3254 899 3330 dicit:
929 3253 1079 3330 trevam
1099 3279 1248 3326 manuum
1269 3280 1351 3328 mer·

297 3379 369 3426 rum
380 3354 574 3443 sacrificium
593 3353 817 3449 vespertinum.
875 3353 911 3428 Si
932 3375 1020 3450 ergo
1046 3355 1235 3428 eleventur
1253 3351 1350 3429 affut

294 3451 428 3545 nostri,
455 3451 490 3523 dt
507 3471 585 3524 non
604 3452 671 3526 smt
691 3453 731 3526 in
750 3468 867 3545 terra,
892 3454 1051 3528 vincitur
1071 3450 1230 3528 Amalec.
1280 3453 1353 3527 Sed

296 3551 332 3625 o
350 3549 547 3644 Apostolus
568 3551 729 3645 precipit
749 3553 873 3626 levare
901 3550 1033 3628 sancias
1057 3574 1180 3626 manus
1204 3552 1276 3627 srne
1299 3553 1353 3626 ira
1437 3583 1439 3588 ·

298 3650 333 3724 δι
363 3650 646 3742 disceptatione,
682 3649 782 3724 &ad
807 3650 980 3743 quosdam
998 3651 1162 3726 dicebat:
1196 3652 1353 3742 Demiffar

296 3775 433 3835 manus,
460 3751 498 3826 σ
518 3744 661 3840 diffolrsta
678 3774 781 3843 genua
801 3753 932 3846 erigite,
957 3747 997 3826 d
1015 3749 1111 3822 renos
1128 3745 1355 3846 grffrsfrcitt

296 3849 425 3946 pedibus
446 3847 570 3944 vestris,
627 3845 665 3920 si
682 3868 769 3944 ergo
787 3847 907 3923 servat
927 3853 1082 3945 populus
1109 3851 1252 3945 legem,
1284 3851 1356 3925 ele·

300 3962 366 4021 vat
383 3945 531 4039 Moyses
543 3967 690 4040 manus,
717 3946 988 4022 &adversarius
1007 3948 1176 4023 vincitur.
1226 3947 1263 4023 Si
1278 3969 1356 4024 noo

298 4044 419 4124 servat
438 4045 555 4154 legem
568 4098 588 4148 ,f
617 4044 1013 4220 invalesriitfdmrlech.
1076 4049 1172 4150 Quia
1186 4047 1300 4223 igiter
1323 4044 1362 4123 dt

840 4167 862 4239 ς
1200 4168 1251 4224 no
1276 4167 1311 4221 tr
