3417 4692
393 433 466 506 ιφ
678 377 1188 517 'onrouurs¹
1293 501 1296 506 Α

390 597 458 647 non
487 578 573 646 Deus
592 573 628 644 ale
645 573 743 667 longe.
795 573 885 648 Non
906 574 1059 648 suniliter
1082 586 1201 652 tannen
1221 571 1386 646 venimus
1405 563 1452 648 ad

391 683 472 748 eum
500 695 646 760 ornnes,
666 672 739 770 ¹sed
765 673 1008 766 unusquisque
1041 669 1231 746 secundum
1266 673 1448 764 propriam

390 771 484 846 suam
512 773 693 848 virtutem,
745 771 821 846 Aut
846 769 940 846 enirn
966 795 1047 846 curn
1072 772 1185 844 turbis
1212 773 1449 846 venimus-ad

390 893 497 961 eum,
536 873 649 966 &per
669 874 855 962 parabolas
879 893 948 946 nos
965 869 1108 962 reficit,
1143 870 1276 944 adhoc
1296 884 1448 944 tantum·

388 972 516 1062 modo,
539 993 586 1045 ne
599 971 718 1044 multis
732 973 872 1066 jejuniis
892 970 1100 1065 deficiamus,
1109 972 1147 1043 in
1163 974 1241 1044 via.-
1268 984 1329 1046 aut
1346 985 1449 1045 certe

389 1069 578 1162 semper&
606 1069 845 1154 indesinenter
867 1075 941 1165 ejus
970 1071 1121 1165 pedibus
1146 1069 1349 1162 affidernus,
1384 1091 1447 1144 va·

304 1237 307 1246 .
388 1185 511 1242 cantes
526 1172 568 1244 ad
586 1171 659 1244 hoc
680 1169 811 1264 solum,
838 1183 880 1246 ut
901 1169 1080 1244 audiamus
1095 1172 1245 1244 verbum
1264 1170 1365 1261 ejus,
1384 1191 1446 1242 ne·

387 1289 560 1360 quaquam
587 1271 785 1362 perturbati
814 1289 897 1366 erga
928 1271 1077 1344 multum
1104 1269 1358 1366 ministerium,
1385 1268 1445 1342 sed

386 1371 557 1460 optimam
576 1384 712 1462 partem
725 1372 928 1466 eligentes,
955 1391 1031 1461 quae
1049 1389 1124 1442 non
1147 1368 1360 1440 auferetura
1379 1389 1447 1440 no·

385 1465 452 1540 bis.
502 1465 692 1560 Brutique
713 1472 770 1560 qui
788 1471 835 1544 src
860 1470 1036 1542 accedunt
1050 1470 1093 1541 ad
1109 1491 1209 1557 eum,
1236 1469 1351 1540 multo
1374 1489 1446 1541 arn·

383 1566 477 1663 plius
504 1585 548 1638 ex
576 1567 651 1659 ejus
677 1569 810 1642 lumine
837 1565 1115 1661 consequuntur.
1171 1568 1207 1640 Si
1235 1586 1325 1638 vero
1352 1566 1443 1640 srcut

382 1661 554 1760 Apostoli
571 1689 741 1758 nusquam
759 1669 909 1742 omnino
920 1684 1131 1742 moveamur
1147 1667 1190 1740 ab
1209 1687 1269 1758 eo,
1287 1665 1345 1739 sed
1358 1664 1444 1738 sern-

382 1783 448 1860 per
466 1786 545 1838 cunr
560 1787 606 1838 eo
620 1787 885 1859 permaneamus
901 1768 937 1839 in
957 1768 1124 1841 omnibus
1149 1766 1443 1838 tribulationibus

382 1863 484 1956 ejus,
509 1881 596 1936 tunc
619 1867 724 1938 nobis
743 1864 882 1940 secreto
903 1889 970 1958 ea,
998 1887 1074 1956 quae
1089 1867 1132 1938 ad
1153 1869 1273 1937 turbas
1294 1865 1442 1936 locutus

380 1961 522 2052 fuerat,
550 1967 722 2058 exponit,
756 1979 864 2056 atque
889 1964 1070 2055 dillolvit,
1103 1965 1137 2037 ἀ
1168 1966 1284 2036 multo
1311 1965 1440 2036 clarius

379 2060 556 2136 illuminat
576 2083 657 2139 nos.
713 2063 749 2136 si
774 2086 866 2138 uero
890 2066 996 2138 etiam
1020 2067 1099 2137 talis
1127 2065 1204 2155 quis
1229 2063 1364 2152 fuerit,
1397 2076 1442 2135 ut

379 2159 484 2256 poffit
505 2164 588 2234 &in
602 2175 763 2238 montem
780 2164 967 2237 ascendere
990 2185 1070 2238 curn
1084 2186 1130 2236 eo
1153 2163 1242 2236 srcut
1261 2162 1385 2234 Petrus
1405 2162 1441 2235 δι

248 2271 254 2286 ·
378 2259 535 2356 Jacobus
554 2261 586 2332 u
606 2261 790 2354 Joannes‚
817 2263 881 2336 iste
898 2285 973 2335 uon
998 2261 1110 2335 solum
1135 2261 1262 2334 Christi
1280 2263 1439 2354 lumine,

328 2383 330 2388 ·
366 2349 438 2434 'sed
460 2362 562 2432 etiarn
581 2363 689 2454 patris
704 2362 807 2455 ipsius
828 2364 1082 2436 illuminabitur
1098 2383 1205 2437 voce.

454 2467 486 2538 8.
527 2463 573 2540 Et
589 2465 674 2530 dixit
696 2469 802 2535 uem:
834 2466 1013 2533 Producant
1036 2487 1123 2559 aqua
1152 2463 1293 2555 repentia
1313 2464 1439 2530 anima·

379 2578 450 2628 rum
460 2563 630 2648 vivarum,
656 2559 695 2637 ὕ
710 2564 860 2633 volantia
873 2566 1021 2632 volantia
1029 2566 1124 2657 super
1134 2580 1252 2631 terram
1265 2561 1437 2646 secundum

367 2660 610 2750 firmamentum
627 2666 704 2736 coelt'.
759 2663 804 2734 Er
818 2660 947 2754 fufium
968 2662 1008 2758 efi
1021 2664 1076 2756 fic.
1127 2659 1328 2732 Secundum
1356 2659 1437 2732 lite-

373 2776 447 2830 ram
464 2758 555 2850 jullu
571 2759 641 2833 Dei
660 2759 911 2852 producuntur
929 2763 972 2834 ab
995 2763 1092 2852 aquis
1107 2761 1271 2856 repentia
1287 2758 1320 2830 δι
1334 2759 1436 2830 vola-

372 2857 469 2951 tilia,
497 2858 529 2931 ἃ
549 2861 624 2930 haec
641 2881 718 2950 quae
735 2863 917 2953 videmus,
941 2882 959 2932 a
977 2881 1050 2954 quo
1062 2861 1128 2932 srnt
1146 2857 1235 2931 latia
1249 2856 1435 2953 cognosci·

372 2978 462 3034 mus.
514 2956 584 3031 Sed
599 2958 797 3052 videamas,
823 2960 1010 3051 quomodo
1031 2960 1136 3031 etiarn
1156 2956 1345 3031 secundum
1367 2979 1434 3029 no·

371 3057 480 3131 strum
506 3051 764 3155 firmamentum
792 3062 892 3150 coeli,
918 3060 954 3130 id
975 3058 1046 3150 est,
1073 3061 1201 3131 mentis
1219 3056 1347 3130 nostrae
1369 3057 1433 3130 vel

373 3156 494 3230 cordis
512 3154 743 3248 soliditatem,
769 3160 843 3231 haec
859 3159 980 3230 eadem
999 3155 1096 3232 fiant.
1131 3155 1322 3249 Arbitror,
1350 3157 1432 3244 quia

371 3253 398 3329 fi
415 3275 514 3328 mens
529 3255 648 3328 nostra
664 3258 857 3329 illuminata
874 3257 982 3329 fuerit
998 3280 1016 3329 a
1032 3256 1156 3329 nostro
1174 3255 1247 3329 sole
1265 3254 1429 3348 Christo,

368 3354 515 3445 jubetur
531 3355 757 3449 postmodum
775 3377 819 3428 ex
840 3358 916 3446 his,
941 3357 1065 3447 quaein
1081 3378 1122 3428 ea
1139 3354 1219 3428 sunt
1234 3355 1331 3446 aquis
1346 3374 1430 3446 pro·

371 3454 504 3532 ducere
518 3456 679 3547 repentia
697 3457 730 3526 δι
750 3457 914 3526 volatilia
933 3457 1115 3548 volantia,
1143 3453 1266 3546 idest,
1293 3454 1430 3548 cogita·

369 3552 491 3625 tiones
510 3555 628 3626 bonas
645 3554 704 3625 vel
730 3558 836 3627 malas
855 3553 1019 3647 prolerre
1041 3557 1077 3626 in
1100 3555 1277 3642 medium,
1303 3568 1345 3624 ut
1364 3549 1429 3624 dis·

370 3653 487 3725 cretio
509 3647 572 3724 fiat
592 3655 774 3726 bonorum
797 3653 953 3746 amalis,
981 3677 1058 3746 quae
1074 3655 1197 3745 utique
1213 3669 1365 3742 utraque
1381 3674 1428 3724 ex

368 3750 480 3825 corde
496 3750 710 3846 procedunt.
761 3751 819 3823 De
836 3754 1108 3844 cordenamque
1123 3752 1249 3824 nostro
1264 3753 1367 3824 veltet
1382 3752 1427 3823 de

368 3851 467 3942 aquis
484 3849 717 3944 proferuntur
736 3849 769 3923 ta
785 3855 890 3923 bonae
908 3853 1148 3948 cogitationes
1166 3852 1199 3922 &
1217 3853 1327 3924 rnalae.
1354 3849 1425 3922 Sed

367 3969 437 4022 nos
463 3952 580 4022 verbo
600 3970 640 4022 ac
660 3965 843 4043 praeeepto
868 3950 1112 4041 Dei-utraque
1134 3949 1356 4043 proferamus
1382 3949 1424 4021 ad

261 4084 264 4090 ,
365 4045 595 4144 conspertum
615 4048 838 4145 &iudicium
859 4049 953 4146 Dei,
976 4061 1020 4126 ut
1035 4071 1117 4126 cum
1131 4051 1235 4148 ipsius
1252 4048 1424 4162 illumina·

1270 4161 1374 4222 none
