3417 4692
342 477 345 494 ,
426 359 1211 524 rm‘orntmmnomrtmxv.
1286 397 1359 490 265

299 565 458 659 AEgyprr,
482 562 569 632 dixit
589 559 629 632 ad
637 559 728 652 fiiios
747 557 845 649 suos:
879 562 925 631 Ut
944 560 1018 656 quid
1036 553 1254 655 dasdaessis?
1273 559 1359 632 'Ecce
1407 578 1413 597 ¹

300 665 411 751 audio,
429 664 506 760 quia
517 660 558 760 ιβ
571 659 994 756 srnnmtuminAEgypto‚
1018 659 1188 749 descendite
1202 661 1291 747 idue,
1318 658 1358 736 (i

301 768 394 836 emite
408 762 603 851 nobisescar,
628 776 666 831 ατ
680 765 853 845 vivamus,
872 759 912 838 ὅ
925 765 1187 833 nmmriamur.
1212 755 1359 852 Etpauss

301 860 443 957 lopost:
472 862 725 951 Descenderam,
750 858 890 952 inquit,
908 857 1036 951 fratres
1059 859 1181 955 Josepb
1199 863 1237 930 in
1252 862 1359 954 AEgu·

300 979 391 1063 pru'm
403 980 577 1057 comparare
586 960 805 1053 frumentum.
853 957 947 1032 Sanc
964 979 1045 1030 cum
1058 958 1224 1032 detentus
1241 957 1358 1032 fuisset

304 1064 464 1153 Symeon
478 1059 516 1132 in
533 1059 723 1155 AEgypto,
743 1058 929 1131 &novem
941 1057 1068 1131 fratres
1084 1058 1159 1150 ejus
1173 1057 1291 1132 dimiffi
1303 1067 1358 1131 r'e-

303 1173 534 1234 verterentur
546 1161 589 1232 ad
605 1173 764 1255 patrem,
780 1178 857 1230 non
870 1155 921 1232 est
935 1155 1123 1250 scriptum,
1142 1156 1225 1249 quia
1242 1154 1358 1230 ascen·

303 1262 436 1338 derunt
452 1282 497 1331 ex
523 1257 708 1354 AEgyptO,
734 1254 794 1331 sed
815 1260 1027 1354 imponentes,
1051 1255 1187 1349 inquit,
1209 1253 1360 1347 frumar-

305 1378 373 1432 tum
391 1359 486 1454 super
503 1359 602 1446 afinos
617 1359 690 1447 suos
712 1358 870 1429 obierunt.
921 1356 1052 1448 Neque
1076 1355 1171 1429 enim
1187 1353 1293 1452 digne
1309 1355 1362 1428 di·

306 1471 472 1531 cerentur
489 1456 696 1547 ascendere,
721 1477 875 1550 quorum
894 1454 1004 1530 frater
1018 1452 1157 1528 vincius
1170 1456 1361 1540 tenebatur

305 1560 342 1631 in
361 1555 546 1653 AEgypto,
574 1578 655 1630 cum
673 1576 745 1649 quo
763 1556 798 1628 u
809 1557 871 1650 ipsi
887 1569 1007 1630 mente
1020 1553 1054 1628 dc
1067 1554 1186 1627 animo
1199 1549 1360 1648 solliciti,

306 1660 410 1729 velut
428 1655 635 1749 quibusdam
660 1656 839 1729 charitatis
858 1655 1012 1728 vinculis
1035 1653 1285 1726 cruciabantru
1301 1654 1361 1725 ad-

305 1754 423 1830 stridis.
476 1752 565 1827 Cum
577 1769 695 1827 autem
707 1766 858 1846 recepto
870 1753 1003 1846 fratre,
1030 1752 1198 1847 &agnito
1212 1750 1361 1848 Joseph,

305 1855 364 1928 sed
385 1855 418 1928 ἃ
437 1855 618 1948 Benjamin
640 1856 754 1926 oculis
770 1855 845 1948 ejus
870 1855 1026 1946 oblato,
1061 1873 1142 1927 cum
1169 1851 1290 1924 laetitia
1305 1853 1362 1925 re‘·

306 1968 522 2046 vertuntur,
549 1966 637 2024 tunc
655 1954 804 2044 dicitur,
827 1953 910 2044 quia
926 1953 1128 2044 asconderunt
1149 1953 1361 2049 cxAEgypro,

306 2056 345 2130 (5
361 2071 525 2122 venerunt
548 2059 724 2122 interram
750 2054 908 2124 Chamon
931 2055 972 2123 od
994 2049 1096 2150 Jacob
1118 2068 1240 2145 patrem
1253 2052 1364 2140 suum.

305 2152 415 2226 Tunc
433 2154 563 2245 etiam,
590 2152 733 2244 quando
752 2153 879 2226 dicunt
894 2152 938 2225 ad
952 2168 1112 2248 patrem,
1138 2152 1220 2244 quia
1238 2149 1363 2251 Joieph

298 2254 393 2345 filius
419 2269 496 2322 tuus
520 2257 631 2326 vivit.
665 2252 704 2326 (5
730 2253 791 2348 ipse
814 2258 1029 2350 principatum
1053 2254 1121 2344 agir
1144 2257 1246 2322 torius
1270 2268 1364 2324 terra

307 2355 457 2447 AEgypn'.
506 2349 712 2425 Necessario
732 2353 826 2426 enim
842 2355 886 2425 ab
905 2350 1034 2427 infimis
1055 2350 1295 2426 &humilibus
1313 2352 1364 2426 di-

308 2468 439 2524 cuntur
457 2451 501 2524 ad
520 2450 674 2523 ardua&
699 2450 837 2523 excelsa
860 2451 1124 2542 conscendere,
1150 2451 1210 2539 qui
1231 2449 1365 2545 Joseph

311 2552 437 2623 vivere
456 2549 657 2640 nunciant,
691 2550 978 2642 &principatum
1000 2549 1115 2623 totius
1136 2546 1287 2644 AEgypti
1303 2572 1364 2648 ge·

307 2670 400 2725 rere.
460 2649 547 2721 Haec
569 2648 712 2722 interim
734 2649 776 2721 ad
795 2648 946 2740 praesens
970 2649 1076 2723 nobis
1098 2666 1292 2723 occurrere
1317 2650 1364 2724 de
1431 2651 1436 2680 '

293 2749 508 2821 'ascensione
529 2748 563 2819 u
584 2746 810 2820 descenfione
830 2761 1055 2841 potuerunt:
1090 2747 1278 2838 exquibus
1294 2747 1364 2822 stu·
1392 2783 1395 2790 ·

310 2849 399 2921 diost
430 2850 559 2938 quique
585 2847 792 2920 occafiones
817 2847 951 2921 habere
982 2846 1154 2938 possunt,
1187 2848 1291 2937 plura
1318 2848 1367 2922 de

307 2947 489 3042 scripturis
507 2944 629 3020 sanius
641 2968 709 3041 pro
728 2945 928 3041 hujusmodi
943 2945 1132 3022 assertione
1148 2950 1365 3038 probamen·

309 3068 347 3119 ra
369 3048 549 3141 colligere.
1193 3075 1196 3084 ·
1366 3067 1369 3074 ·

387 3167 418 3218 2.
444 3146 640 3218 Videamus
654 3144 753 3239 sane,
771 3144 959 3239 quomodo
978 3145 1099 3223 audire
1115 3149 1306 3225 debeamus
1320 3145 1367 3220 de

312 3266 359 3317 eo
384 3244 481 3334 quod
502 3243 668 3335 scriptum
689 3245 768 3337 est,
804 3245 885 3338 quia
907 3246 1028 3343 Jojeph
1041 3251 1139 3338 fliius
1162 3267 1240 3323 ruas
1263 3251 1368 3326 vair.

310 3342 390 3438 ligo
418 3344 493 3414 haec
518 3364 596 3415 non
616 3344 855 3418 communiter
878 3343 969 3418 diua
992 3343 1155 3443 suscipio.
1215 3346 1366 3424 sienim

312 3440 437 3534 (verbi
450 3440 570 3539 causa)
585 3464 774 3535 ponamus,
788 3442 870 3534 quia
884 3442 1056 3534 potuisset
1066 3448 1164 3522 vinci
1175 3446 1365 3538 aliudne,

312 3544 346 3613 ἃ
359 3539 535 3633 peccasset
551 3562 630 3615 cum
646 3563 764 3616 uxore
778 3541 928 3615 Domini
950 3541 1019 3634 sui,
1046 3569 1123 3620 non
1135 3562 1246 3641 puto,
1266 3544 1369 3637 quod

311 3642 384 3712 hoc
404 3663 425 3711 a
443 3640 654 3712 Patriarchis
676 3642 720 3715 de
742 3662 788 3714 eo
811 3642 1019 3714 nunciatum
1042 3645 1160 3719 fuisset
1178 3645 1270 3741 patri
1288 3646 1366 3737 ejut

312 3740 448 3833 Jacob,
475 3741 557 3832 quia
562 3742 656 3828 filius
677 3758 751 3810 tuus
772 3741 892 3836 Jnseplr
910 3744 1012 3813 vivit.
1061 3745 1147 3819 Hoc
1164 3748 1256 3820 enim
1271 3743 1297 3816 fi
1312 3741 1368 3816 fei,

313 3837 433 3929 cisset,
459 3840 531 3911 sme
550 3840 660 3910 dubio
681 3861 758 3912 non
776 3840 932 3914 viveret.
959 3843 1080 3914 Anima
1096 3849 1198 3929 mrim,
1216 3866 1283 3942 qua
1296 3837 1366 3936 pecss

310 3958 378 4024 cat,
404 3938 468 4032 ipsa
481 3943 646 4014 morietur.
683 3939 752 4012 Sed
771 3939 805 4011 u
821 3938 977 4013 Susanna
992 3941 1115 4017 eadem
1126 3944 1257 4037 docet,
1284 3961 1367 4017 cum

312 4038 420 4110 dicit:
453 4037 610 4136 Angustia
634 4041 715 4110 milri
730 4042 814 4130 sunt
837 4041 984 4137 undique.
1035 4046 1076 4114 Si
1092 4048 1177 4116 mim
1193 4041 1367 4228 Ιιοσὲεονο
1424 4095 1465 4114 -.

831 4138 866 4213 R
892 4155 913 4230 5
1284 4141 1335 4206 'xo
