3417 4692
245 389 248 402 ¹
373 382 443 480 1n
575 377 1098 458 ¹.-.onr·ourr.1s
1228 395 1231 400 ·

369 547 470 622 &in
494 543 797 640 consanguinitate
820 545 974 637 cunali,
1000 543 1135 618 &cunr
1157 539 1273 618 adhuc
1293 540 1433 624 Abram

368 661 577 722 vocaretur.
628 644 698 718 Sed
714 665 831 738 neque
845 647 1036 740 presbyter
1057 642 1255 738 appellatus
1272 641 1324 716 est
1340 643 1431 740 ipse,

370 746 406 818 dc
421 764 516 818 uxor
531 744 610 837 sua,
623 753 625 758 '
638 745 853 820 doneceffet
867 747 905 818 in
918 744 1032 818 ¹domo
1045 743 1177 836 patris,
1204 742 1239 814 dr
1257 746 1353 814 carni
1366 765 1431 816 co-

368 845 567 937 habitaret,
594 866 635 918 ac
655 843 830 941 sanguini:
855 843 915 918 sed
936 843 1124 938 postquam
1140 842 1225 915 inde
1241 843 1430 934 prorediue

354 943 443 1035 ost,
469 943 857 1039 &Abrahamvocnri,
884 945 919 1016 da
937 946 1288 1037 presbyterrneruit,
1315 945 1430 1014 Erant

368 1049 473 1127 mirre,
497 1046 633 1137 inquit,
652 1047 746 1142 ¹untho
766 1043 961 1141 presbyteri,
985 1044 1023 1117 id
1049 1041 1120 1134 est,
1152 1043 1272 1134 senei,
1309 1039 1429 1114 Abra·

368 1145 450 1220 laam
466 1141 621 1241 frilicet,
647 1144 682 1216 da
702 1146 903 1218 admiranda
922 1163 1017 1218 uxor
1036 1144 1139 1233 ejus,
1166 1143 1206 1218 U
1224 1143 1369 1239 previdit·
1388 1167 1428 1212 m

368 1245 472 1322 diebus
490 1244 573 1332 suis.
639 1245 776 1344 Quanti
799 1259 884 1319 ante
907 1264 973 1316 eos
996 1242 1221 1338 longioribus
1250 1260 1428 1314 annorum

367 1342 486 1436 spatiis
505 1346 618 1416 vitam
638 1345 772 1419 duxere
790 1343 983 1443 nongentis
1006 1343 1041 1414 dc
1057 1364 1104 1416 eo
1129 1343 1278 1434 amplius
1301 1343 1426 1432 aunis,

369 1445 475 1534 aliqui
486 1463 563 1518 non
578 1447 694 1517 multo
710 1446 825 1522 minus
845 1464 959 1536 usque
973 1443 1016 1516 ad
1031 1441 1205 1514 diluvium
1219 1441 1365 1514 vixere:
1393 1441 1430 1514 dt

367 1543 458 1618 nulli
473 1563 518 1616 ex
533 1542 588 1616 hir
601 1544 803 1638 presbyteri
820 1543 988 1639 appellati
1000 1539 1091 1616 sunt.
1141 1539 1233 1614 Non
1248 1543 1342 1612 eninr
1352 1541 1428 1612 hoc

366 1641 515 1716 nomine
526 1643 564 1714 in
579 1643 760 1719 Abraham
774 1643 912 1720 tenena
929 1643 1116 1735 corporis,
1143 1641 1204 1712 sed
1220 1641 1338 1711 cordis
1354 1659 1427 1714 rna·

366 1744 495 1828 auritas
510 1743 686 1836 appellata
700 1745 761 1819 est.
813 1745 874 1818 Sic
892 1743 984 1816 &ad
1002 1739 1160 1835 Moysen
1179 1739 1361 1812 Dominus
1377 1739 1428 1812 di·

368 1841 443 1915 cit:
478 1843 569 1934 Elige
591 1845 653 1914 tibi
673 1847 888 1940 presbyteros,
920 1869 995 1941 quur
1017 1861 1054 1912 tu
1072 1844 1134 1937 ipse
1148 1842 1212 1928 scis
1236 1843 1429 1934 presbyteres

368 1939 435 2034 effe.
500 1940 705 2018 Intueamur
735 1963 824 2040 ergo
854 1942 1056 2040 diligentius
1090 1939 1241 2014 Domini
1267 1958 1427 2030 vocem,

370 2039 455 2132 quid
465 2037 527 2114 fibi
541 2041 633 2115 velit
648 2041 712 2114 ista
723 2041 896 2138 adjeuio,
913 2063 983 2133 qua
999 2041 1067 2126 rit,
1093 2066 1170 2136 quos
1185 2059 1222 2110 ru
1235 2043 1362 2133 ipseycu
1374 2039 1430 2129 effi

362 2140 565 2239 presbyteres.
615 2139 803 2235 Numquid
821 2144 874 2236 is,
901 2143 963 2234 qui
983 2141 1128 2214 senilem
1146 2140 1309 2232 corporis
1329 2159 1431 2233 gere·

246 2273 251 2282 ·
367 2241 431 2313 bat
461 2251 624 2332 aetatem,
650 2262 727 2314 non
753 2245 915 2318 omnium
952 2239 1069 2315 oculis
1094 2238 1301 2332 perspicuus
1327 2251 1430 2322 erat,

367 2335 572 2430 quod-effer
591 2345 807 2436 presbyter,
831 2337 953 2434 idest,
980 2337 1116 2414 senari
1143 2339 1242 2437 Quid
1259 2357 1345 2434 ergo
1364 2335 1431 2409 soii

367 2436 490 2529 Moyfi
508 2451 612 2516 tanto
635 2461 677 2514 ac
699 2443 761 2515 tali
778 2441 967 2535 prophetae
985 2441 1143 2534 specialis
1161 2436 1225 2512 ista
1242 2439 1430 2510 mandatur

365 2535 560 2634 inspectio,
585 2551 627 2612 ut
641 2541 693 2614 iili
710 2543 906 2639 eligantur,
931 2562 1007 2614 non
1023 2557 1116 2632 quos
1134 2537 1429 2610 caeterihonrines

251 2633 254 2648 '
366 2651 531 2731 norunt,
563 2658 640 2712 non
658 2659 749 2734 quos
769 2643 974 2736 imperitum
991 2642 1122 2736 vulgus
1143 2635 1329 2731 agnoscit,
1365 2634 1425 2706 sed

369 2757 461 2828 quos
478 2738 657 2830 propheta
672 2741 756 2814 Deo
771 2744 899 2834 plenus
917 2738 1092 2838 elegerit?
1125 2736 1216 2809 Non
1229 2736 1325 2812 enim
1343 2753 1436 2832 erga·

256 2865 258 2870 ·
368 2857 434 2910 eos
455 2836 500 2909 de
522 2857 716 2934 corpore„
736 2842 878 2914 nonde
900 2857 1032 2930 aetate,
1058 2837 1118 2911 sed
1140 2837 1184 2908 de
1204 2853 1325 2910 mente
1336 2836 1429 2926 judi·

368 2936 464 3010 cium
480 2933 540 3010 est.
567 2935 676 3012 Tales
695 2960 783 3036 ergo
802 2955 903 3015 erant
914 2939 969 3012 isti
986 2940 1080 3012 beati
1097 2937 1302 3030 presbyteri
1312 2935 1429 3008 Abra·

366 3035 449 3110 barn
465 3033 605 3112 &Sara
657 3033 706 3112 Et
718 3039 835 3133 primo
852 3041 1012 3115 omnium
1025 3038 1178 3135 genuina
1193 3036 1248 3110 his
1265 3037 1425 3127 nomina,

367 3156 446 3228 quae
460 3148 562 3210 ortus
580 3140 727 3212 carnalis
743 3140 911 3234 dederat,
938 3147 1217 3213 commutantur.
1247 3142 1427 3206 eumenem

365 3233 438 3326 effet
458 3241 637 3330 nonaginta
657 3236 696 3316 di
715 3264 826 3311 novem
845 3263 1002 3312 annorum
1022 3239 1204 3323 Abraham,
1230 3243 1380 3334 apparuit
1398 3239 1427 3304 ei

365 3339 476 3421 Deus,
503 3331 542 3411 di
565 3338 676 3412 dixit:
701 3338 767 3434 Ege
781 3342 852 3432 sum
868 3345 980 3428 Deus,
1005 3340 1153 3436 emplace
1168 3361 1270 3406 corum
1288 3360 1353 3423 rue,
1384 3331 1425 3410 θ

366 3434 423 3530 cflu
437 3437 662 3532 inculpabilis,
688 3438 727 3516 (5
738 3461 853 3538 ponant
868 3441 1085 3538 testamentum
1102 3461 1202 3508 meum
1215 3442 1303 3506 inter
1320 3459 1367 3505 me
1385 3433 1427 3510 θ’

364 3549 409 3608 te.
462 3536 510 3609 Et
531 3542 669 3631 procidit
686 3542 850 3614 Abrabam
868 3543 907 3616 in
920 3541 1041 3633 faciem
1056 3542 1177 3629 suam,
1210 3536 1249 3610 U
1273 3538 1424 3606 adoravit

359 3635 494 3724 Deum,
518 3637 557 3714 U
574 3641 724 3736 loquutus
737 3642 777 3736 est
791 3647 821 3714 ci
836 3645 927 3714 Deus
943 3641 1049 3710 dicens
1060 3665 1085 3709 .·.
1100 3639 1165 3730 Ego
1175 3638 1266 3726 sum:
1289 3661 1353 3707 ecee
1377 3653 1426 3706 te.

358 3735 552 3834 ,tanmem
571 3756 811 3835 mauruntum,
841 3740 881 3818 (5
901 3744 965 3812 cris
981 3743 1089 3838 patric
1107 3737 1332 3808 multitudinis
1349 3759 1428 3828 gm-

364 3841 470 3908 tiuru:
494 3839 533 3915 U
548 3837 768 3914 benedicentur
784 3847 822 3913 in
841 3859 873 3915 te
885 3863 991 3914 omues
1006 3855 1132 3935 gentes,
1157 3835 1271 3935 &jum
1288 3862 1355 3907 non
1369 3859 1427 3906 ne-

361 3936 488 4010 cabitur
507 3963 621 4010 nomen
651 3957 742 4012 tuum
758 3943 896 4031 Abram,
918 3943 969 4032 [eri
990 3947 1055 4012 erit
1073 3963 1185 4010 nomen
1211 3956 1302 4010 tuum
1322 3938 1428 4007 Abra·

360 4031 450 4140 Em·
474 4079 477 4085 ·
497 4031 642 4118 Etcum
658 4038 1065 4134 dediffetbocnornen,
1089 4038 1206 4116 stanni
1226 4035 1438 4131 subjungite-

299 4099 378 4229 Ν.
1324 4138 1373 4208 n
