3417 4692
431 301 444 312 ’
577 343 1071 436 runxoounr.
1283 309 1460 482 ³9⁹4·

286 515 476 611 Domino,
499 514 620 590 nullus
634 516 728 592 enim
742 516 942 611 invilibilir,
968 519 1086 594 nullus
1100 519 1357 616 incorporem,

287 618 406 694 nullus
422 615 671 709 immutabilis,
695 617 812 691 nullus
825 616 899 692 srne
911 618 1016 692 initio
1033 614 1253 711 &smefinel
1277 620 1356 694 nul·

287 720 508 891 iungentur
528 714 709 813 omnium,
734 716 798 791 nili
815 715 923 792 Pater
940 737 1022 792 cum
1044 716 1139 793 Filio
1161 717 1196 792 dt
1217 717 1356 812 Spiritu

286 818 349 893 san
380 836 422 892 o.
500 875 510 884 ..
1160 819 1163 826 ’

363 912 400 989 6.
429 914 615 1012 Extmdrstr‘
642 916 803 988 duretam
828 929 950 1009 turm,
988 915 1155 988 devoravit
1175 939 1223 988 tos
1250 931 1352 994 tem.

287 1014 422 1110 impios
439 1015 581 1108 cuidem
594 1013 629 1088 dt
641 1016 751 1089 hodie
764 1015 1036 1091 devorrtterrn
1059 1012 1208 1108 Annon
1221 1015 1287 1091 tibi
1298 1017 1354 1090 vi·

287 1116 394 1203 detur
408 1130 504 1189 terra
519 1114 698 1189 devorare
714 1116 833 1208 illum,
861 1117 921 1208 qui
932 1115 1067 1208 semper
1084 1116 1237 1189 deterre
1255 1116 1353 1214 cogi·

288 1229 365 1310 tat,
388 1214 448 1310 qui
463 1211 599 1307 semper
611 1219 776 1289 terrenos
791 1211 1024 1307 hebetudine,
1049 1214 1110 1308 qui
1125 1214 1170 1289 de
1184 1217 1353 1289 terralo.

286 1313 432 1408 quiurr,
459 1315 504 1387 de
521 1326 617 1387 terra
632 1314 753 1410 litigat
772 1328 904 1412 terram
926 1314 1118 1408 deliderrt,
1152 1314 1187 1389 ἃ
1206 1335 1353 1393 omnem

288 1415 384 1509 spem
402 1413 498 1492 suam
519 1413 626 1506 pouit
642 1414 681 1487 in
700 1427 797 1487 terra
813 1436 826 1505 3
858 1415 920 1507 qui
938 1413 982 1488 ad
999 1416 1128 1490 coelum
1145 1434 1221 1490 nou
1244 1412 1353 1512 respi-

283 1516 367 1608 cit,
396 1514 456 1607 qui
478 1512 600 1587 futura
618 1532 696 1588 non
717 1513 877 1609 cogitat,
911 1517 971 1606 qui
988 1513 1160 1607 judicium
1178 1514 1251 1589 Dei
1272 1515 1352 1591 nou'

288 1613 444 1709 metuit,
468 1632 538 1686 nec
557 1613 664 1686 beuta
686 1612 763 1705 ejus
781 1611 947 1708 promiffa
968 1614 1161 1707 defiderut,
1186 1612 1247 1689 sed
1263 1613 1352 1691 seru·

288 1715 419 1808 perde
441 1712 672 1807 praesentitus
698 1712 857 1810 cogitat,
891 1712 989 1786 &ad
1013 1729 1158 1787 terrena
1176 1711 1350 1810 suspirate

281 1812 417 1889 ¹Talem
433 1832 515 1892 curn
530 1809 687 1903 viderit,
713 1810 827 1886 dicito
840 1812 923 1905 quir
934 1811 1130 1888 devoravit
1145 1835 1227 1888 eum
1240 1827 1354 1890 terru·

277 1913 359 1988 -Sed
379 1912 455 1987 &ir
478 1932 584 2004 quem
605 1909 741 1986 uiderit
760 1912 910 1985 luxuriae
931 1912 1073 1994 carnis,
1098 1912 1353 2008 &voluptati-

285 2013 355 2089 bus
379 2010 544 2105 corporir
566 2010 753 2105 deditum,
791 2011 828 2084 in
856 2031 931 2103 quo
955 2013 1092 2086 animur
1113 2012 1202 2087 nihil
1227 2015 1350 2109 valet,

287 2112 346 2188 sed
363 2125 486 2188 totum
504 2109 618 2184 libido
639 2109 755 2185 carnis
780 2110 971 2206 obtinuit,
1004 2112 1117 2198 dicito
1136 2113 1171 2185 ἃ
1189 2110 1350 2208 dehoc,

287 2213 370 2305 quia
383 2212 577 2287 devoravit
596 2230 677 2285 eum
692 2225 800 2286 terro
849 2212 985 2287 Adhuc
1002 2219 1221 2308 metumtot,
1248 2210 1351 2307 quod

288 2314 361 2386 aitt
397 2312 579 2409 Extendiflr'
600 2314 759 2383 dexteram
779 2326 888 2399 ruam,
913 2309 954 2388 ὅ
976 2314 1148 2385 devoravit
1169 2340 1216 2386 eos
1236 2331 1349 2409 τινας

287 2412 380 2505 quali
390 2428 433 2487 ut
445 2411 743 2485 devorarentura
758 2423 875 2494 terra,
890 2410 967 2485 haec
977 2408 1080 2486 causa
1095 2411 1227 2506 fuerit,
1246 2412 1348 2505 quod

273 2509 640 2587 ventenditDominus
650 2508 834 2583 dexteram
847 2506 954 2585 suam.
978 2510 1242 2603 Siconsrderee,
1255 2532 1350 2605 quo-¹

284 2610 398 2685 modo
414 2609 594 2684 Dominus
618 2610 795 2682 exultatus
818 2609 855 2682 in
877 2629 986 2683 cruce
1004 2624 1085 2682 tota
1108 2610 1164 2684 die
1180 2610 1348 2686 extendit

284 2728 408 2790 manus
426 2706 503 2783 fuas
518 2706 561 2780 ad
572 2707 747 2799 populum
757 2728 834 2781 non
848 2708 1079 2802 credentem,
1095 2706 1155 2783 sed
1166 2708 1348 2784 contradi·
1433 2705 1435 2710 ’

288 2824 451 2903 centem,
477 2803 685 2898 &qualiter
707 2801 887 2882 infidelem
907 2810 1102 2902 populum,
1131 2810 1191 2899 qui
1216 2808 1346 2883 clamu-

285 2908 370 2998 vit,
399 2908 734 3004 crucifige,·rrrrtifige
752 2932 842 3001 cunr,
867 2927 967 2982 mors
983 2906 1113 2983 udmiffi
1125 2906 1267 2986 sceleris
1279 2929 1347 3005 up·

284 3006 424 3104 prellit:
451 3005 641 3081 evidenter
651 3004 836 3101 invenies,
851 3009 1039 3101 quomodo
1049 3008 1212 3082 extendit
1222 3007 1347 3084 dexte·

283 3129 359 3183 ram
382 3107 496 3199 suam,
521 3104 557 3178 o
577 3105 773 3180 devoravit
785 3106 871 3192 illos
887 3123 993 3182 terro
1043 3103 1127 3182 Nec
1143 3120 1263 3181 tamen
1283 3129 1346 3205 pe·

283 3208 382 3283 nitus
395 3202 651 3300 desperandum
667 3205 729 3288 cst,
779 3205 943 3282 Poffibile
959 3221 1112 3299 namque
1129 3202 1199 3298 est,
1225 3219 1292 3304 ut,
1315 3206 1345 3285 li

278 3301 592 3401 -rorteresrprseat,
618 3303 679 3397 qui
693 3304 890 3380 devoratus
904 3303 973 3400 est,
990 3305 1126 3380 rursum
1138 3305 1344 3401 poffit‘evo·

267 3409 354 3500 ·.mi,
379 3408 470 3483 srcut
484 3405 606 3501 Jonas.
656 3405 727 3479 Sed
748 3405 783 3478 dt
802 3426 929 3480 omnes
943 3426 1012 3480 nor
1026 3422 1141 3500 puto,
1166 3406 1265 3499 quod
1281 3411 1343 3484 ali·

284 3507 428 3599 quando
448 3520 545 3579 terra
567 3503 766 3578 devoratos
785 3506 823 3579 in
847 3503 979 3580 inferni
996 3506 1238 3597 penetralibus
1256 3510 1342 3583 retl-

281 3609 420 3701 nebat,
454 3604 700 3699 &propterea
717 3603 897 3679 Dominus
920 3604 1043 3680 noster
1061 3603 1244 3680 descendit
1263 3610 1341 3686 non

282 3699 397 3780 solum
412 3724 526 3797 usque
545 3704 589 3777 ad
606 3718 743 3795 terras,
767 3703 826 3778 sed
840 3725 955 3797 usquc
971 3705 1014 3779 ad
1027 3703 1202 3780 inferiora
1216 3717 1341 3782 terret

283 3804 319 3877 dr
332 3805 383 3878 ibi
399 3823 468 3877 nor
486 3802 629 3878 invenit
644 3804 874 3897 devoratos,
905 3803 940 3876 u
958 3802 1121 3880 sedentes
1139 3802 1201 3880 sub
1215 3806 1341 3881 umber

281 3907 437 3981 mortis:
468 3904 504 3979 dt
527 3902 612 3980 inde
633 3905 789 3983 educent
807 3924 887 3984 nou
902 3904 1265 4007 juurlocurnfterrae,
1297 3919 1340 3988 ut
1411 3919 1416 3931 ·

447 4063 449 4068 .
1157 4005 1296 4083 iterum.
