3417 4692
354 423 841 542 commentante
864 377 935 502 tu
961 411 1257 507 o'nusslu.
1309 453 1355 527 53

287 583 540 679 demonstret,
580 586 737 679 quaedam
762 586 906 683 secisse,
942 611 1024 665 cum
1053 589 1238 664 Pharaoni·
1260 589 1365 664 dicat

287 687 492 780 Scriptura:
520 688 588 759 Idea
606 694 747 758 excitavi
769 707 817 776 re,
843 706 884 760 ut
898 688 1083 778 ostenderem
1098 696 1135 760 in
1150 708 1181 761 re
1197 697 1358 764 virtutem

287 809 408 879 meam,
436 787 475 863 U
489 805 526 860 ut
539 813 652 857 nomm
667 813 766 857 menan
786 796 824 858 r'n
837 791 989 874 universa
1003 807 1090 860 terra
1098 792 1356 885 pervulgaretur.

287 886 324 959 Si
340 890 437 960 enim
452 885 645 961 asservatus
659 887 709 960 est
722 887 885 979 Pharao,
912 901 954 960 ut
970 891 1209 962 declararetur
1224 897 1359 984 poten·'

286 989 337 1059 tia
350 986 437 1077 Dei,
462 989 496 1059 dt
510 1008 644 1061 nomen
659 988 734 1078 ejus
748 989 784 1060 in
799 987 961 1061 universa
977 1003 1071 1060 terra
1086 985 1358 1084 praedicaretur,
1418 986 1423 995 ’

287 1087 546 1178 animadverte,
569 1101 735 1178 quantam
749 1087 1029 1162 declarationem
1041 1089 1186 1162 virtutis
1199 1089 1267 1162 Dei
1287 1101 1358 1162 coa·¹

285 1186 388 1260 lestia
397 1186 493 1282 signa
507 1187 835 1279 comprehendant,
852 1209 933 1262 curn
950 1187 1194 1279 aprimoaevo
1211 1190 1254 1261 ad
1269 1210 1359 1264 con·

286 1283 560 1360 summationem
582 1284 697 1360 saculi
723 1285 840 1383 digno
862 1287 933 1360 Dei
955 1289 1050 1360 libro
1074 1289 1167 1360 coelo
1191 1288 1354 1379 impressa

288 1387 412 1483 omnia
436 1384 656 1479 &inscripta
675 1386 763 1461 sint,
806 1387 949 1460 Deinde
974 1388 1132 1479 conjicio
1158 1389 1359 1462 virtutibus·

285 1485 380 1576 illis,
407 1486 534 1577 quibus
548 1506 604 1559 res
621 1486 782 1560 humana
794 1500 991 1585 reguntur,
1019 1488 1176 1578 quadam
1191 1487 1287 1578 ligna
1304 1489 1357 1561 in·

288 1583 377 1660 esse.
405 1600 446 1656 ut
463 1586 528 1657 alia
543 1598 681 1658 tantum
699 1583 940 1682 cognoscant,
968 1588 1034 1659 alia
1055 1587 1160 1658 etiam
1183 1586 1354 1660 efficiant:

287 1685 588 1778 quemadmodum
608 1688 643 1758 in
660 1683 764 1757 sacris
781 1685 911 1759 nostris
928 1685 1027 1758 libris
1048 1685 1206 1777 quadarn
1226 1684 1357 1779 scripta

285 1785 381 1877 sunt,
399 1800 440 1857 ut
457 1784 733 1880 cognoscamus,
750 1797 792 1857 ut
808 1784 928 1860 mnndi
944 1782 1128 1878 opificium
1145 1785 1178 1858 a
1196 1786 1263 1862 alia
1278 1807 1356 1879 my·

285 1884 424 1975 steria,
470 1885 625 1976 quaedam
650 1900 693 1957 ut
719 1885 977 1981 cognoscamus
1007 1885 1041 1956 a
1072 1885 1274 1977 faciamus,
1313 1899 1356 1957 ut

284 1999 468 2078 praecepta
486 1984 519 2056 a
539 1984 702 2058 mandata
721 1985 799 2057 Dei.
850 1985 974 2076 Itaque
994 1983 1071 2057 lieri
1088 1983 1209 2078 potest
1224 1998 1267 2055 ut
1286 2005 1356 2057 coe-

284 2085 391 2161 lestes
422 2086 571 2178 litterae,
600 2105 684 2176 qnas
710 2084 880 2181 angeli&
903 2086 1033 2175 diuinae
1055 2087 1209 2156 virtutes
1233 2085 1355 2177 legere

285 2185 395 2260 sacile
421 2182 585 2276 possunt,
612 2185 769 2275 quaedam
789 2185 1003 2258 contineant
1017 2187 1059 2255 ab
1077 2184 1209 2279 angelis
1229 2182 1263 2255 a
1282 2181 1355 2255 Dei

286 2283 453 2359 ministris
477 2284 658 2381 legenda,
697 2300 738 2356 ut
763 2306 888 2357 eorum
919 2285 1132 2382 cognitione
1155 2284 1353 2372 laetentur3
1416 2334 1422 2349 .

288 2386 357 2458 alia
373 2397 415 2455 ut
432 2385 596 2458 mandata
615 2385 792 2476 accipiant
814 2381 847 2455 a
866 2383 1031 2457 efficiant.
1080 2382 1210 2471 Neque
1230 2381 1292 2453 abs
1312 2401 1355 2453 re

288 2484 503 2572 dixerimus,
529 2484 637 2556 simile
654 2485 736 2575 quid
749 2484 832 2577 Legi
849 2485 975 2555 coelum
991 2484 1026 2553 dt
1042 2481 1130 2555 astra
1144 2481 1354 2554 continere:

286 2583 311 2660 fi
329 2603 426 2654 vero
444 2584 609 2675 pejores,
636 2582 670 2654 δι
691 2584 764 2654 aliae
784 2584 827 2653 ab
848 2584 996 2657 homine
1017 2584 1171 2652 virtutes
1193 2581 1354 2678 quaedam
1448 2591 1457 2610 ⁸

288 2683 496 2776 epraenotis
513 2682 547 2755 a
566 2684 603 2755 in
626 2684 716 2755 taelo
739 2681 904 2776 expressis
922 2678 1175 2776 designatisque
1195 2679 1353 2770 faciant,

287 2783 377 2857 nihil
399 2780 450 2854 est
469 2780 608 2855 necesse
622 2781 711 2875 ipsas
732 2779 863 2852 divinis
882 2781 995 2852 literis
1018 2781 1217 2852 admonitas
1234 2778 1356 2850 facere

289 2904 366 2974 quae
379 2882 593 2954 moliuntur:
618 2879 676 2953 sed
697 2880 994 2973 quemadmodum
1010 2881 1173 2951 homines
1190 2878 1354 2971 injuriam

286 2981 486 3070 facientes,
511 3003 579 3053 nec
593 2979 745 3053 scientes
764 2978 976 3073 praenovisse
993 2978 1113 3052 Deum
1128 2981 1223 3050 hunc
1241 2981 1302 3048 abs
1318 2974 1355 3046 se

286 3081 419 3174 injuria
435 3079 600 3154 affaltum
621 3083 687 3175 iri,
708 3100 774 3173 per
795 3075 888 3154 suam
905 3080 1172 3173 improbitatem
1190 3076 1354 3168 injuriam

287 3181 451 3267 faciunt,
485 3181 533 3253 fic
557 3180 641 3253 Deo
671 3180 845 3272 oppositae
867 3182 1053 3269 virtutes,
1086 3197 1164 3268 quae
1185 3176 1355 3250 malitiam

286 3281 475 3356 hominum
496 3278 628 3352 scelera
645 3280 879 3377 cogitantium
900 3289 1181 3372 praenoverant,
1205 3275 1354 3368 propria

287 3379 376 3454 id&
395 3378 582 3472 turpissima
598 3380 791 3453 voluntate
811 3376 1014 3471 perficiunt.
1043 3376 1140 3447 Sacri
1154 3387 1272 3448 autem
1287 3379 1355 3445 'an-

288 3481 380 3576 geli,
409 3478 596 3552 administri
613 3479 774 3572 spiritus,
798 3478 884 3552 &in
898 3475 1126 3551 ministerium
1137 3473 1243 3563 misfi,
1279 3492 1356 3544 cer·

289 3593 330 3653 te
343 3595 512 3670 tanquam
538 3602 558 3651 a
578 3580 647 3652 Dei
666 3580 745 3674 lege
767 3578 985 3674 accipientes
1008 3574 1137 3667 scripta
1160 3572 1354 3662 mandata,

288 3678 388 3752 rettc
412 3679 446 3751 a
470 3679 626 3771 ordine,
666 3678 809 3769 quando
835 3679 868 3748 dt
897 3676 1084 3768 quomodo
1108 3688 1357 3765 quantumque

291 3793 465 3872 oportet,
489 3780 638 3852 meliora
656 3779 804 3852 faciunt.
852 3775 1053 3850 Absurdum
1073 3777 1165 3847 enim
1182 3773 1225 3844 stt
1243 3770 1355 3862 ipsos,

291 3880 351 3971 qui
371 3878 482 3950 divini
498 3878 584 3971 sint,
611 3892 747 3951 temere
759 3898 828 3950 nec
843 3874 990 3950 definite
1005 3877 1153 3964 venire,
1178 3886 1221 3943 ut
1236 3869 1356 3959 alicui,

291 3979 396 4050 verbi
417 3976 517 4050 causa
541 3977 719 4052 Abraham
741 3978 915 4070 &Isaac,
946 3974 1212 4058 administrent,
1238 3969 1355 4064 Jacob

292 4100 337 4154 ex
356 4078 524 4176 periculo
543 4078 727 4173 liberent,
754 4081 815 4152 vel
837 4075 943 4172 hujus
967 4088 1032 4150 tut
1051 4073 1149 4149 illius
1164 4070 1369 4160 Propheta

769 4178 807 4257 D
838 4202 860 4279 3
1232 4165 1340 4268 sq'n'x·
