3417 4692
321 409 419 486 '410
574 385 1109 468 montcuure

346 570 447 640 mur,
472 569 548 625 non
563 552 713 624 multum
732 572 801 624 nos
823 549 976 626 edificat
993 549 1082 625 scire
1100 549 1144 625 ad
1163 570 1271 643 quem
1286 550 1412 624 locum

345 652 464 746 primo
480 652 649 740 venerit,
679 650 712 723 &
737 653 779 723 ad
795 673 899 741 quem
918 651 1087 727 secundo.
1139 649 1175 724 Si
1193 671 1285 724 uero
1308 652 1413 724 rime·

345 769 426 826 mur
450 751 488 821 in
513 751 564 821 bis
582 749 785 844 mysterium
802 753 939 836 latens,
962 753 1162 825 invenimus
1186 753 1354 824 ordinem
1372 745 1414 822 fi·

345 850 415 924 dei.
471 849 587 921 Primo
611 852 705 922 enim
730 851 872 924 ducitur
895 833 1050 944 p'opulus
1077 851 1121 923 ad
1145 851 1284 924 literam
1311 849 1412 946 legis.
1456 803 1463 926 s

344 945 407 1024 Ab
423 949 490 1021 hac
507 950 611 1022 litera
627 951 736 1045 legis,
770 953 889 1024 donec
911 967 1097 1044 permanet
1112 949 1150 1022 in
1173 948 1412 1022 amaritudine
1450 1035 1453 1046 Ι

342 1045 426 1135 sua,
453 1049 622 1121 recedere
642 1071 716 1121 non
735 1050 853 1143 potest
871 1075 884 1138 ς
912 1072 991 1124 curn
1008 1069 1101 1124 vero
1119 1069 1185 1141 per
1197 1050 1336 1144 lignum
1358 1049 1411 1121 ui·

343 1157 391 1222 tae
405 1147 518 1222 dulcis
537 1147 645 1222 fuerit
662 1147 807 1241 effecla,
836 1150 1031 1246 &intelligi
1049 1153 1108 1222 lex
1125 1147 1330 1241 spiritaliter
1342 1169 1411 1220 coe·

235 1311 238 1320 .
341 1249 459 1342 perit,
487 1262 573 1320 tunc
589 1250 633 1320 de
644 1250 761 1321 veteri
780 1249 994 1323 testamento
1010 1249 1175 1320 transitur
1194 1246 1236 1318 ad
1250 1267 1409 1340 novum,

345 1345 541 1420 &venitur
556 1349 599 1419 ad
613 1346 801 1422 duodecim
813 1348 1049 1442 Apostolicos
1065 1348 1199 1424 fontes.
1225 1345 1278 1420 lbi
1299 1346 1410 1419 etiam

343 1448 491 1542 arbores
514 1451 739 1539 reperientur
758 1451 831 1524 lxx.
854 1453 1058 1543 palmarum.
1114 1446 1206 1520 Non
1223 1444 1321 1517 enim
1342 1444 1410 1516 soli
1461 1521 1465 1560 1

343 1544 535 1620 duodecim
554 1546 722 1643 Apostoli
739 1545 846 1622 fidem
862 1547 989 1621 Cbristi
1009 1546 1318 1643 praedicaverunt,
1347 1541 1408 1617 sed

343 1643 380 1717 ἃ
397 1647 454 1716 alii
474 1644 694 1742 septuaginta
716 1647 800 1724 miffi
816 1649 860 1720 ad
882 1646 1142 1742 predicandum
1160 1647 1314 1717 verbum
1332 1641 1408 1720 Dei
1460 1585 1466 1756 Ι

340 1743 572 1837 referuntur,
597 1767 662 1840 per
676 1769 767 1839 quos
784 1751 915 1842 palmas
935 1747 1093 1820 victoria
1110 1740 1407 1818 Christimundus
1462 1761 1466 1796 t

270 1851 272 1856 '
342 1844 564 1939 agnosceret.
609 1846 703 1921 Non
737 1867 824 1945 ergo
852 1846 977 1947 sufficit
1003 1847 1141 1938 populo
1175 1842 1244 1916 Dei
1276 1862 1407 1932 aquarn

340 1943 500 2022 Merrhae
525 1945 668 2037 bibere,
706 1948 868 2039 quamvis
893 1948 929 2019 in
955 1936 1306 2018 dulcedinemversa
1338 1939 1406 2028 lit3

340 2046 503 2136 quamvis
522 2065 584 2136 per
601 2048 732 2139 lignum
749 2050 853 2137 vitae,
883 2044 1133 2136 &mysterium
1153 2041 1268 2112 crucis
1284 2040 1406 2112 omnis

339 2144 452 2220 litere
470 2146 668 2215 amaritudo
680 2145 822 2235 depulsa
834 2146 887 2218 sit.
931 2143 1055 2216 Solum
1068 2158 1176 2214 vetus
1194 2138 1406 2212 instrumen-

339 2253 417 2314 tum
433 2262 510 2313 non
526 2240 650 2316 sufficit
670 2244 713 2315 ad
729 2245 945 2330 bibendum3
972 2243 1031 2314 sed
1055 2241 1271 2314 veniendum
1291 2236 1405 2311 estad
1462 2271 1467 2332 i

339 2361 481 2414 novum
495 2339 761 2435 testamentum,
786 2345 829 2418 de
847 2365 919 2435 quo
930 2345 1063 2433 absque
1072 2341 1237 2432 scrupulo
1254 2337 1405 2428 bibitur,

339 2441 474 2531 absque
496 2442 567 2514 ulla
590 2441 796 2520 difficultate
817 2458 976 2537 potatur.
1040 2441 1151 2536 Judaei
1175 2440 1281 2510 etiam
1304 2456 1403 2509 nunc

338 2541 433 2633 apud
455 2539 640 2619 Merrbam
662 2541 767 2636 sunt,
803 2545 1028 2615 etiamnunc
1056 2540 1198 2615 allident
1224 2538 1266 2610 ad
1293 2555 1402 2626 aquae

338 2659 484 2715 amaras.
544 2642 719 2718 Nondum
746 2645 839 2717 enim
858 2644 908 2716 eis
933 2641 1033 2714 Deus
1062 2638 1218 2712 ostendit
1239 2638 1401 2732 lignum,

336 2761 402 2838 per
418 2741 515 2832 quod
529 2742 650 2816 dulces
667 2738 796 2818 fierent
817 2763 915 2833 aqua
934 2740 1101 2834 ipsorum.
1156 2737 1300 2808 Etenim
1314 2756 1402 2826 prae-

337 2842 428 2915 dixit
456 2840 505 2913 eis
533 2840 743 2938 Propheta,
776 2843 858 2935 quia
882 2842 952 2940 Nifi
973 2842 1196 2925 credideritis,
1223 2860 1324 2934 neque
1350 2841 1402 2906 in·

337 2944 491 3033 redigeris.

409 3063 444 3128 4.
472 3037 557 3113 Post
581 3038 656 3112 haec
680 3039 941 3133 scriptumest:
980 3043 1020 3111 In
1035 3040 1166 3128 secundo
1187 3036 1309 3124 mense,
1350 3036 1402 3108 in·

337 3140 440 3233 quit,
463 3142 619 3237 postquam
637 3144 672 3209 de
693 3144 836 3236 AEgypto
851 3137 987 3237 profesti
1008 3143 1115 3227 lunt,
1150 3141 1266 3232 quintu
1288 3140 1404 3206 decima

332 3244 386 3311 die
403 3241 530 3333 menfis,
558 3247 776 3310 murmuravit
793 3242 925 3336 populus
941 3238 1106 3327 aduersum
1125 3241 1258 3330 Moysen
1277 3238 1400 3306 diceus:

344 3344 478 3410 Urinam
497 3344 614 3409 mortui
628 3338 795 3431 fuissemus
809 3345 846 3410 in
865 3343 1122 3435 terruAEgypri,
1147 3362 1213 3405 cum
1222 3337 1399 3422 sederemus

328 3442 425 3534 super
445 3441 664 3517 trasconis,
690 3441 728 3516 (5
749 3442 1004 3526 manducaremus
1023 3461 1120 3536 parrer
1141 3438 1183 3508 ad
1199 3437 1404 3524 firtr'rratem,

334 3562 482 3639 quomam
497 3541 628 3634 eduxisti
642 3564 698 3611 nor
712 3547 749 3611 in
764 3538 915 3632 desertum
930 3541 1007 3629 stoc,
1033 3562 1144 3608 necare
1158 3561 1279 3606 omnem
1292 3540 1401 3629 Syna·

329 3663 434 3735 gogam
448 3639 547 3729 sume.
598 3636 685 3714 Esto
704 3642 801 3732 quod
822 3654 974 3733 propter
990 3636 1259 3730 correptionem
1278 3637 1400 3729 legen·

333 3742 422 3815 tium
446 3738 622 3812 indicetur
646 3742 769 3835 populi
795 3755 1011 3833 peccatum,
1048 3740 1129 3829 quia
1152 3755 1402 3808 murmurave-

332 3843 401 3921 rit,
429 3838 461 3910 u
480 3843 636 3933 ingratus
653 3838 762 3912 suerit
776 3835 960 3912 benefieiis
976 3838 1128 3919 divinis,
1156 3856 1235 3907 cum
1259 3833 1402 3908 coeleste

265 3979 266 3984 =
331 3960 460 4016 manua
472 3938 680 4029 susciperet3
708 3940 791 4030 quid
808 3941 914 4012 etiam
931 3938 1005 4011 dier
1022 3934 1247 4017 describitur,
1272 3937 1310 4006 in
1329 3955 1400 4025 qua

331 4038 608 4120 murmuraverit
619 4037 800 4138 populus?
828 4040 982 4134 Secundo,
1008 4036 1139 4129 iuquit,
1161 4036 1287 4206 ηιιηίῑέ
1301 4043 1398 4150 quin·

1228 4149 1245 4206 t
1287 4158 1348 4206 etr·
