3417 4692
345 389 445 502 4525
656 361 1126 484 'bardanio-'²

348 543 448 666 duod
465 565 634 644 indixerit
645 539 890 668 ergouiriste,
907 573 967 644 vel
985 565 1157 664 Christus,
1174 569 1235 661 qui
1256 533 1419 648 omnium

347 665 1415 842 Qfflssfflwmfflmmmmffl

349 767 399 846 do
437 789 480 840 or
502 769 718 860 animarum,
751 771 811 842 ille
830 770 891 861 qui
914 771 956 841 ad
981 767 1243 842 subversionem
1271 771 1420 844 audiena

349 870 440 942 tium
462 867 582 942 verbis
602 869 812 960 contendit,
838 869 994 960 patietur
1019 868 1182 962 damnum
1206 887 1276 960 pro
1301 872 1418 944 anima

349 967 430 1058 illa,
459 987 535 1057 quae
550 968 710 1040 nondum
733 963 922 1040 formatum
941 968 1071 1059 abJecit
1089 965 1274 1043 infantem.
1303 967 1417 1068 Quod

371 1063 471 1152 ¹otest
489 1067 585 1154 sorte
603 1067 646 1138 de
667 1063 830 1140 scandalo
853 1065 1099 1162 catechumeni
1115 1067 1227 1159 accipi
1250 1069 1418 1142 nondun

349 1089 510 1244 sormam.
561 1163 683 1237 Potest
700 1166 792 1238 enirn
809 1163 908 1256 fieri,
935 1183 974 1238 ut
991 1163 1125 1238 rursum
1140 1163 1212 1258 ipse
1232 1169 1295 1255 qui
1312 1169 1418 1262 laesrt,

351 1265 522 1358 instruat,
545 1280 706 1359 reparet,
733 1263 895 1338 restituat
911 1267 1033 1360 animae
1051 1287 1112 1357 ea,
1140 1285 1216 1355 quae
1233 1265 1418 1362 perdidit,

354 1365 390 1438 dt
408 1361 485 1438 haec
501 1366 572 1455 jam
591 1364 699 1438 saciet
719 1382 799 1436 cunr
820 1366 985 1454 honore,
1013 1377 1093 1436 curn
1112 1363 1305 1457 modestia,
1335 1387 1418 1440 cum

353 1464 547 1574 patientia:
590 1464 679 1536 srcut
700 1459 899 1555 Apostolus
925 1465 1036 1536 dicit:
1074 1465 1150 1533 cum
1174 1465 1419 1554 mansuetudine

353 1567 610 1660 corripientem,
635 1568 690 1660 qui
706 1565 869 1659 rupissem&
895 1583 970 1636 non
992 1561 1172 1655 cumlite,
1196 1561 1286 1636 ficut
1300 1568 1417 1660 priua,

355 1684 436 1750 cum
451 1662 648 1735 scandalum
666 1663 797 1738 intulit.
848 1663 978 1760 Quudfi
986 1664 1145 1755 frtunatus
1153 1668 1223 1760 jum
1235 1663 1349 1755 fuerit
1367 1671 1420 1736 im·

349 1764 453 1856 fans,
480 1763 567 1832 dabit
579 1767 717 1832 animam
727 1783 785 1859 pto
799 1771 915 1834 amima.
966 1761 994 1834 F
997 1775 1153 1834 ormatus
1167 1757 1282 1860 infans
1296 1761 1419 1854 potest

355 1863 470 1935 videri
495 1857 608 1934 sermo
628 1861 697 1934 Dei
715 1865 751 1934 in
776 1863 886 1934 corde
904 1861 978 1954 ejus
1001 1863 1142 1953 animae,
1170 1868 1246 1950 qua
1263 1863 1418 1956 gratiam

356 1959 518 2058 baptismi
541 1959 733 2034 consecuta
750 1959 821 2054 est,
846 1964 905 2033 uel
922 1983 998 2052 quae
1014 1960 1216 2032 euidentius
1235 1961 1268 2031 ἂ
1288 1961 1418 2036 clarius

356 2064 510 2134 verbum
527 2057 615 2155 fidei,
634 2061 814 2154 concepit.
867 2061 953 2132 Haec
977 2079 1064 2156 ergo
1087 2059 1111 2131 fi
1134 2061 1240 2132 nimia
1263 2075 1420 2134 conten·

356 2161 460 2233 tione
493 2157 680 2230 doctorum
714 2156 872 2251 perculsa
904 2159 1073 2250 abjecerit
1105 2160 1276 2252 verbum,
1305 2159 1340 2231 dt
1367 2163 1419 2234 in·

358 2273 471 2331 venta
491 2255 598 2330 suerit
618 2253 746 2330 esseda
767 2259 858 2349 illis,
890 2258 1076 2349 dequibus
1098 2257 1237 2331 dicebat
1257 2257 1419 2355 Aposto-

357 2357 432 2430 lus:
462 2360 539 2454 Jum
553 2360 634 2427 enim
654 2361 788 2454 quadam
806 2369 954 2444 rouverlae
964 2358 1046 2445 suut
1067 2375 1150 2456 retro
1162 2359 1224 2454 posi
1241 2361 1419 2451 Serenam,

359 2455 509 2530 animam
535 2473 602 2548 pro
629 2459 743 2529 anima
769 2458 877 2536 dabit.
929 2458 1002 2529 Vel
1029 2458 1072 2528 de
1098 2458 1154 2529 die
1176 2458 1299 2548 judicii
1326 2451 1419 2532 accii

358 2558 527 2654 piendum
544 2555 593 2628 est
608 2557 698 2648 apud
717 2557 833 2628 Deum
849 2556 1025 2648 judicem,
1053 2559 1109 2647 qui
1130 2556 1248 2648 potest
1266 2559 1417 2633 animam
1459 2589 1463 2598 ·

360 2656 396 2729 δι
422 2651 560 2748 εοτρυς
575 2656 725 2747 perdere
746 2657 782 2727 in
803 2656 1021 2750 gehennam:
1066 2656 1200 2746 quia&
1222 2656 1315 2757 alibi,
1330 2659 1416 2732 dicit
1460 2647 1464 2736 J

358 2753 542 2847 Propheta
564 2754 605 2825 ad
620 2753 825 2847 Jerusalem:
860 2760 939 2825 trudi
954 2763 1220 2827 conmutationem
1240 2775 1330 2826 t--am
1349 2759 1412 2828 AE·

358 2873 506 2952 gypsum,
541 2853 764 2947 AE⁴hrupt:trrt,
800 2859 838 2929 U
869 2851 995 2928 ‘Su'e'ntn
1022 2876 1078 2950 pro
1111 2871 1148 2923 st.
1208 2853 1282 2926 Vel
1318 2871 1415 2929 Ceste

388 2949 482 3028 otest
505 2950 654 3025 fortashs
682 2954 785 3026 etiam
809 2951 895 3026 illud
920 2955 1052 3046 aptari,
1085 2966 1126 3024 ut
1155 2952 1213 3044 qui
1239 2954 1303 3048 fibi
1330 2975 1417 3029 con·
1464 2951 1467 3020 ζ

360 2977 450 3128 scius
472 3054 561 3124 tanti
586 3051 734 3124 scandali
755 3051 892 3136 fuerit,
921 3067 1034 3146 ponat
1056 3056 1202 3125 animam
1226 3052 1321 3126 suam
1345 3073 1416 3148 pro
1464 3023 1468 3088 ³

275 3242 277 3247 Ι
359 3156 476 3252 anima
510 3152 629 3241 illius,
663 3171 766 3243 quem
799 3150 1116 3245 scandalizaverit,
1160 3149 1193 3223 dt
1223 3171 1336 3244 usque
1371 3152 1417 3227 ad

362 3266 516 3326 mortem
561 3250 622 3322 det
651 3270 824 3344 operam,
863 3253 1048 3343 quomodo
1081 3252 1230 3331 redeat,
1265 3273 1419 3343 quomo-

361 3350 413 3424 ¹do
440 3366 644 3441 reparetur,
671 3352 857 3442 quomodo
882 3348 1085 3424 restituatur
1110 3348 1152 3422 ad
1179 3348 1301 3426 fidem,
1344 3349 1419 3425 Po·

361 3463 426 3524 nat
453 3449 556 3521 etiam
584 3452 728 3522 oculum
756 3470 822 3542 pro
849 3452 981 3541 oculO,
1015 3450 1039 3523 sr
1067 3453 1209 3523 oculum
1234 3451 1320 3524 laesrt
1344 3452 1420 3525 ani·

361 3570 457 3638 ma,
497 3545 532 3622 id
575 3545 625 3622 est
662 3549 880 3622 intellectum
920 3548 996 3640 ejus
1034 3551 1225 3622 turbarit:
1278 3548 1421 3625 auseta-

363 3645 424 3721 'tur
457 3648 583 3719 oculus
615 3648 719 3739 ipsrus
743 3648 785 3721 ab
811 3669 881 3740 eo,
919 3650 976 3739 qui
1010 3648 1175 3722 Ecclesrae
1206 3646 1348 3743 praee'st,
1384 3652 1421 3725 dt

362 3746 563 3828 intelledlus
590 3748 664 3820 eius
684 3748 742 3819 ille
766 3749 992 3820 turbulentus
1015 3747 1048 3820 u
1069 3749 1201 3840 ferox,
1241 3752 1299 3839 qui
1321 3746 1422 3823 scan-

363 3847 481 3921 dalum
505 3860 678 3939 ¹generat,
711 3844 905 3922 desecetur.
955 3845 1023 3920 Sed
1051 3843 1133 3920 dtsr
1164 3845 1305 3922 dentem
1333 3851 1422 3924 laefit

359 3944 556 4034 'mtditoris,
584 3965 656 4034 quo
670 3944 856 4037 suscipiens
874 3946 990 4021 cibum
1008 3948 1110 4018 verbi
1124 3943 1214 4042 Dei,
1240 3949 1301 4020 vel
1320 3969 1422 4034 com·

362 4046 524 4123 minuere
540 4046 602 4118 vel
616 4044 811 4119 molaribus
833 4060 951 4150 terere
967 4044 1094 4122 solitus
1120 4059 1221 4140 erat,
1248 4046 1420 4219 utlsubti·
1461 4033 1468 4134 s

845 4169 848 4176 ·
1307 4166 1365 4220 em
1465 4191 1470 4210 ι

1465 4257 1484 4401 l
