<?xml version="1.0" encoding="UTF-8"?>
<!DOCTYPE html PUBLIC "-//W3C//DTD XHTML 1.0 Transitional//EN"
    "http://www.w3.org/TR/xhtml1/DTD/xhtml1-transitional.dtd">
<html xmlns="http://www.w3.org/1999/xhtml" xml:lang="en" lang="en">
 <head>
  <title>
</title>
<meta http-equiv="Content-Type" content="text/html;charset=utf-8" />
  <meta name='ocr-system' content='tesseract 3.04.00' />
  <meta name='ocr-capabilities' content='ocr_page ocr_carea ocr_par ocr_line ocrx_word'/>
</head>
<body>
  <div class='ocr_page' id='page_1' title='image "./operaomniasanct02unkngoog_0163.png"; bbox 0 0 3417 4692; ppageno 0'>
   <div class='ocr_carea' id='block_1_1' title="bbox 455 385 1356 552">
    <p class='ocr_par' dir='ltr' id='par_1_1' title="bbox 455 385 1356 552">
     <span class='ocr_line' id='line_1_1' title="bbox 455 385 1356 552; baseline -0.001 -26"><span class='ocrx_word' id='word_1_1' title='bbox 455 385 1186 528; x_wconf 78' lang='lat' dir='ltr'>rnoaunsrmnomrrrar.</span> <span class='ocrx_word' id='word_1_2' title='bbox 1287 471 1356 552; x_wconf 72' lang='lat'>149</span> 
     </span>
    </p>
   </div>
   <div class='ocr_carea' id='block_1_2' title="bbox 237 569 1356 1302">
    <p class='ocr_par' dir='ltr' id='par_1_2' title="bbox 237 569 1356 1302">
     <span class='ocr_line' id='line_1_2' title="bbox 237 569 1356 718; baseline 0.006 -38.315"><span class='ocrx_word' id='word_1_3' title='bbox 237 601 377 718; x_wconf 76' lang='lat' dir='ltr'>fult</span> <span class='ocrx_word' id='word_1_4' title='bbox 394 635 459 698; x_wconf 83' lang='lat' dir='ltr'>eos,</span> <span class='ocrx_word' id='word_1_5' title='bbox 484 605 608 703; x_wconf 88' lang='lat' dir='ltr'>utique</span> <span class='ocrx_word' id='word_1_6' title='bbox 622 569 864 684; x_wconf 72' lang='lat' dir='ltr'>beneditiioni</span> <span class='ocrx_word' id='word_1_7' title='bbox 881 610 1010 686; x_wconf 78' lang='lat' dir='ltr'>divinar</span> <span class='ocrx_word' id='word_1_8' title='bbox 1029 609 1232 685; x_wconf 71' lang='lat' dir='ltr'>incredulus</span> <span class='ocrx_word' id='word_1_9' title='bbox 1252 611 1356 686; x_wconf 83' lang='lat' dir='ltr'>exsti·</span> 
     </span>
     <span class='ocr_line' id='line_1_3' title="bbox 237 703 1353 804; baseline 0.001 -20.059"><span class='ocrx_word' id='word_1_10' title='bbox 237 703 414 802; x_wconf 86' lang='lat' dir='ltr'>tillet,</span> <span class='ocrx_word' id='word_1_11' title='bbox 441 711 530 783; x_wconf 87' lang='lat' dir='ltr'>licut</span> <span class='ocrx_word' id='word_1_12' title='bbox 547 712 582 784; x_wconf 77' lang='lat' dir='ltr'>dt</span> <span class='ocrx_word' id='word_1_13' title='bbox 596 709 713 782; x_wconf 91' lang='lat' dir='ltr'>Maria</span> <span class='ocrx_word' id='word_1_14' title='bbox 731 711 774 782; x_wconf 89' lang='lat' dir='ltr'>ad</span> <span class='ocrx_word' id='word_1_15' title='bbox 788 732 864 784; x_wconf 90' lang='lat' dir='ltr'>eam</span> <span class='ocrx_word' id='word_1_16' title='bbox 877 709 1182 804; x_wconf 70' lang='lat' dir='ltr'>beneditionem,</span> <span class='ocrx_word' id='word_1_17' title='bbox 1204 731 1275 803; x_wconf 91' lang='lat' dir='ltr'>qua</span> <span class='ocrx_word' id='word_1_18' title='bbox 1292 711 1353 785; x_wconf 84' lang='lat' dir='ltr'>be·</span> 
     </span>
     <span class='ocr_line' id='line_1_4' title="bbox 297 807 1354 927; baseline -0.003 -43"><span class='ocrx_word' id='word_1_19' title='bbox 297 810 532 884; x_wconf 87' lang='lat' dir='ltr'>nedicebatur</span> <span class='ocrx_word' id='word_1_20' title='bbox 547 812 590 884; x_wconf 93' lang='lat' dir='ltr'>ab</span> <span class='ocrx_word' id='word_1_21' title='bbox 609 808 776 906; x_wconf 68' lang='lat' dir='ltr'>ringeln,</span> <span class='ocrx_word' id='word_1_22' title='bbox 804 811 871 883; x_wconf 87' lang='lat' dir='ltr'>ait.</span> <span class='ocrx_word' id='word_1_23' title='bbox 899 814 1055 904; x_wconf 77' lang='lat' dir='ltr'>Quomodo</span> <span class='ocrx_word' id='word_1_24' title='bbox 1062 812 1161 899; x_wconf 75' lang='grc' dir='ltr'><em>[ιιιιιι</em></span> <span class='ocrx_word' id='word_1_25' title='bbox 1175 807 1258 927; x_wconf 69' lang='lat' dir='ltr'>lanf.</span> <span class='ocrx_word' id='word_1_26' title='bbox 1282 838 1354 908; x_wconf 73' lang='lat' dir='ltr'>qm</span> 
     </span>
     <span class='ocr_line' id='line_1_5' title="bbox 237 910 753 1010; baseline 0.001 71"><span class='ocrx_word' id='word_1_27' title='bbox 237 916 335 1010; x_wconf 70' lang='lat'>„-</span> <span class='ocrx_word' id='word_1_28' title='bbox 407 910 753 1004; x_wconf 73' lang='lat' dir='ltr'><em>f</em></span> 
     </span>
     <span class='ocr_line' id='line_1_6' title="bbox 297 1010 1352 1204; baseline -0.002 -19"><span class='ocrx_word' id='word_1_29' title='bbox 297 1031 358 1185; x_wconf 64' lang='lat' dir='ltr'>:ur</span> <span class='ocrx_word' id='word_1_30' title='bbox 371 1030 457 1200; x_wconf 66' lang='lat' dir='ltr'>‚eout</span> <span class='ocrx_word' id='word_1_31' title='bbox 484 1111 609 1182; x_wconf 89' lang='lat' dir='ltr'>coelum</span> <span class='ocrx_word' id='word_1_32' title='bbox 627 1061 661 1179; x_wconf 62' lang='lat' dir='ltr'>di</span> <span class='ocrx_word' id='word_1_33' title='bbox 679 1010 775 1181; x_wconf 57' lang='lat' dir='ltr'>terri</span> <span class='ocrx_word' id='word_1_34' title='bbox 791 1107 825 1180; x_wconf 76' lang='lat' dir='ltr'>dt</span> <span class='ocrx_word' id='word_1_35' title='bbox 840 1107 892 1182; x_wconf 90' lang='lat' dir='ltr'>sol</span> <span class='ocrx_word' id='word_1_36' title='bbox 910 1109 945 1181; x_wconf 86' lang='lat' dir='ltr'>dt</span> <span class='ocrx_word' id='word_1_37' title='bbox 965 1031 1072 1183; x_wconf 72' lang='lat' dir='ltr'>lunap:</span> <span class='ocrx_word' id='word_1_38' title='bbox 1087 1010 1265 1180; x_wconf 84' lang='lat' dir='ltr'>gita</span> <span class='ocrx_word' id='word_1_39' title='bbox 1174 1127 1283 1204; x_wconf 78' lang='lat' dir='ltr'>erge,</span> <span class='ocrx_word' id='word_1_40' title='bbox 1308 1121 1352 1183; x_wconf 91' lang='lat' dir='ltr'>ut</span> 
     </span>
     <span class='ocr_line' id='line_1_7' title="bbox 297 1205 1353 1302; baseline 0.002 -21"><span class='ocrx_word' id='word_1_41' title='bbox 297 1209 565 1299; x_wconf 87' lang='lat' dir='ltr'>ostenderetur,</span> <span class='ocrx_word' id='word_1_42' title='bbox 580 1207 747 1302; x_wconf 89' lang='lat' dir='ltr'>quoniam</span> <span class='ocrx_word' id='word_1_43' title='bbox 763 1207 796 1280; x_wconf 74' lang='lat' dir='ltr'>oz</span> <span class='ocrx_word' id='word_1_44' title='bbox 812 1208 925 1283; x_wconf 94' lang='lat' dir='ltr'>homo</span> <span class='ocrx_word' id='word_1_45' title='bbox 942 1205 1010 1282; x_wconf 90' lang='lat' dir='ltr'>Dei</span> <span class='ocrx_word' id='word_1_46' title='bbox 1020 1229 1112 1302; x_wconf 89' lang='lat' dir='ltr'>opus</span> <span class='ocrx_word' id='word_1_47' title='bbox 1127 1207 1199 1301; x_wconf 85' lang='lat' dir='ltr'>est,</span> <span class='ocrx_word' id='word_1_48' title='bbox 1226 1208 1353 1283; x_wconf 86' lang='lat' dir='ltr'>&amp;non</span> 
     </span>
    </p>
   </div>
   <div class='ocr_carea' id='block_1_3' title="bbox 295 1306 1478 1401">
    <p class='ocr_par' dir='ltr' id='par_1_3' title="bbox 295 1306 1478 1401">
     <span class='ocr_line' id='line_1_8' title="bbox 295 1306 1478 1401; baseline -0.006 -17"><span class='ocrx_word' id='word_1_49' title='bbox 295 1310 370 1384; x_wconf 86' lang='lat' dir='ltr'>fine</span> <span class='ocrx_word' id='word_1_50' title='bbox 391 1308 600 1401; x_wconf 89' lang='lat' dir='ltr'>harmonia,</span> <span class='ocrx_word' id='word_1_51' title='bbox 626 1310 688 1379; x_wconf 90' lang='lat' dir='ltr'>vel</span> <span class='ocrx_word' id='word_1_52' title='bbox 707 1309 929 1399; x_wconf 83' lang='lat' dir='ltr'><strong>competenti</strong></span> <span class='ocrx_word' id='word_1_53' title='bbox 956 1306 1211 1400; x_wconf 77' lang='lat' dir='ltr'>conjontdone</span> <span class='ocrx_word' id='word_1_54' title='bbox 1234 1309 1353 1400; x_wconf 90' lang='lat' dir='ltr'>prola·</span> <span class='ocrx_word' id='word_1_55' title='bbox 1413 1345 1416 1350; x_wconf 94' lang='lat'>·</span> <span class='ocrx_word' id='word_1_56' title='bbox 1475 1317 1478 1322; x_wconf 58' lang='lat'><strong>⁴</strong></span> 
     </span>
    </p>
   </div>
   <div class='ocr_carea' id='block_1_4' title="bbox 289 1405 1444 2194">
    <p class='ocr_par' dir='ltr' id='par_1_4' title="bbox 292 1405 1352 1700">
     <span class='ocr_line' id='line_1_9' title="bbox 293 1405 1351 1499; baseline -0.008 -17"><span class='ocrx_word' id='word_1_57' title='bbox 293 1421 354 1482; x_wconf 84' lang='lat' dir='ltr'>tus</span> <span class='ocrx_word' id='word_1_58' title='bbox 374 1406 449 1498; x_wconf 89' lang='lat' dir='ltr'>est,</span> <span class='ocrx_word' id='word_1_59' title='bbox 483 1405 619 1479; x_wconf 90' lang='lat' dir='ltr'>idcirco</span> <span class='ocrx_word' id='word_1_60' title='bbox 644 1408 866 1499; x_wconf 74' lang='lat' dir='ltr'>praeveniens</span> <span class='ocrx_word' id='word_1_61' title='bbox 888 1407 961 1480; x_wconf 88' lang='lat' dir='ltr'>ait:</span> <span class='ocrx_word' id='word_1_62' title='bbox 995 1409 1174 1496; x_wconf 80' lang='lat' dir='ltr'>Mafcusum</span> <span class='ocrx_word' id='word_1_63' title='bbox 1195 1407 1235 1484; x_wconf 62' lang='grc' dir='ltr'>(Ἰ</span> <span class='ocrx_word' id='word_1_64' title='bbox 1244 1405 1351 1498; x_wconf 72' lang='lat' dir='ltr'>fumi-</span> 
     </span>
     <span class='ocr_line' id='line_1_10' title="bbox 292 1503 1352 1600; baseline -0.001 -20"><span class='ocrx_word' id='word_1_65' title='bbox 292 1533 369 1580; x_wconf 81' lang='lat' dir='ltr'>nam</span> <span class='ocrx_word' id='word_1_66' title='bbox 378 1507 462 1600; x_wconf 78' lang='lat' dir='ltr'>sent</span> <span class='ocrx_word' id='word_1_67' title='bbox 475 1531 530 1577; x_wconf 85' lang='grc' dir='ltr'><em>ιιι,</em></span> <span class='ocrx_word' id='word_1_68' title='bbox 583 1506 672 1580; x_wconf 89' lang='lat' dir='ltr'>Haec</span> <span class='ocrx_word' id='word_1_69' title='bbox 684 1506 825 1597; x_wconf 86' lang='lat' dir='ltr'>quidem</span> <span class='ocrx_word' id='word_1_70' title='bbox 848 1505 987 1584; x_wconf 87' lang='lat' dir='ltr'>adeam</span> <span class='ocrx_word' id='word_1_71' title='bbox 1011 1506 1239 1599; x_wconf 66' lang='lat' dir='ltr'>questionem</span> <span class='ocrx_word' id='word_1_72' title='bbox 1261 1503 1352 1581; x_wconf 77' lang='lat' dir='ltr'>diua</span> 
     </span>
     <span class='ocr_line' id='line_1_11' title="bbox 293 1603 1202 1700; baseline 0.002 -20"><span class='ocrx_word' id='word_1_73' title='bbox 293 1607 399 1686; x_wconf 76' lang='lat' dir='ltr'>sont,</span> <span class='ocrx_word' id='word_1_74' title='bbox 427 1627 502 1695; x_wconf 84' lang='lat' dir='ltr'>qoae</span> <span class='ocrx_word' id='word_1_75' title='bbox 526 1603 717 1678; x_wconf 87' lang='lat' dir='ltr'>secundum</span> <span class='ocrx_word' id='word_1_76' title='bbox 736 1606 874 1680; x_wconf 82' lang='lat' dir='ltr'>literam</span> <span class='ocrx_word' id='word_1_77' title='bbox 892 1605 1046 1699; x_wconf 87' lang='lat' dir='ltr'>proferri</span> <span class='ocrx_word' id='word_1_78' title='bbox 1073 1604 1202 1700; x_wconf 86' lang='lat' dir='ltr'>potest.</span> 
     </span>
    </p>

    <p class='ocr_par' dir='ltr' id='par_1_5' title="bbox 289 1702 1444 2194">
     <span class='ocr_line' id='line_1_12' title="bbox 371 1702 1349 1800; baseline -0.001 -23"><span class='ocrx_word' id='word_1_79' title='bbox 371 1726 425 1794; x_wconf 72' lang='grc' dir='ltr'><em>ις.</em></span> <span class='ocrx_word' id='word_1_80' title='bbox 451 1705 645 1778; x_wconf 85' lang='lat' dir='ltr'><strong>Videamus</strong></span> <span class='ocrx_word' id='word_1_81' title='bbox 670 1721 787 1777; x_wconf 86' lang='lat' dir='ltr'>autem</span> <span class='ocrx_word' id='word_1_82' title='bbox 808 1706 914 1784; x_wconf 87' lang='lat' dir='ltr'>etiam</span> <span class='ocrx_word' id='word_1_83' title='bbox 938 1724 1002 1800; x_wconf 91' lang='lat' dir='ltr'>per</span> <span class='ocrx_word' id='word_1_84' title='bbox 1030 1702 1245 1800; x_wconf 84' lang='lat' dir='ltr'>allegoriam</span> <span class='ocrx_word' id='word_1_85' title='bbox 1260 1727 1349 1798; x_wconf 86' lang='lat' dir='ltr'>quo·</span> 
     </span>
     <span class='ocr_line' id='line_1_13' title="bbox 290 1802 1350 1899; baseline -0.004 -19"><span class='ocrx_word' id='word_1_86' title='bbox 290 1804 496 1880; x_wconf 90' lang='lat' dir='ltr'>modoad</span> <span class='ocrx_word' id='word_1_87' title='bbox 487 1806 672 1899; x_wconf 78' lang='lat' dir='ltr'>imaginem</span> <span class='ocrx_word' id='word_1_88' title='bbox 692 1805 770 1877; x_wconf 89' lang='lat' dir='ltr'>Dei</span> <span class='ocrx_word' id='word_1_89' title='bbox 778 1803 890 1878; x_wconf 92' lang='lat' dir='ltr'>homo</span> <span class='ocrx_word' id='word_1_90' title='bbox 910 1803 1022 1878; x_wconf 78' lang='lat' dir='ltr'>satius</span> <span class='ocrx_word' id='word_1_91' title='bbox 1042 1803 1214 1878; x_wconf 86' lang='lat' dir='ltr'>masculus</span> <span class='ocrx_word' id='word_1_92' title='bbox 1232 1803 1267 1878; x_wconf 76' lang='lat' dir='ltr'>dt</span> <span class='ocrx_word' id='word_1_93' title='bbox 1284 1802 1350 1876; x_wconf 87' lang='lat' dir='ltr'>soe-</span> 
     </span>
     <span class='ocr_line' id='line_1_14' title="bbox 289 1901 1444 1997; baseline -0.003 -17"><span class='ocrx_word' id='word_1_94' title='bbox 289 1909 386 1981; x_wconf 88' lang='lat' dir='ltr'>mina</span> <span class='ocrx_word' id='word_1_95' title='bbox 407 1903 468 1978; x_wconf 84' lang='lat' dir='ltr'>est</span> <span class='ocrx_word' id='word_1_96' title='bbox 519 1903 675 1976; x_wconf 91' lang='lat' dir='ltr'>Interior</span> <span class='ocrx_word' id='word_1_97' title='bbox 696 1905 808 1977; x_wconf 92' lang='lat' dir='ltr'>homo</span> <span class='ocrx_word' id='word_1_98' title='bbox 836 1901 958 1978; x_wconf 89' lang='lat' dir='ltr'>noster</span> <span class='ocrx_word' id='word_1_99' title='bbox 978 1926 1023 1978; x_wconf 79' lang='lat' dir='ltr'>ex</span> <span class='ocrx_word' id='word_1_100' title='bbox 1043 1903 1167 1997; x_wconf 86' lang='lat' dir='ltr'>spiritu</span> <span class='ocrx_word' id='word_1_101' title='bbox 1184 1903 1356 1978; x_wconf 87' lang='lat' dir='ltr'>&amp;anima</span> <span class='ocrx_word' id='word_1_102' title='bbox 1440 1971 1444 1992; x_wconf 84' lang='lat'>‚</span> 
     </span>
     <span class='ocr_line' id='line_1_15' title="bbox 291 1991 1351 2096; baseline -0.002 -18"><span class='ocrx_word' id='word_1_103' title='bbox 291 1991 442 2078; x_wconf 81' lang='lat' dir='ltr'>constat</span> <span class='ocrx_word' id='word_1_104' title='bbox 470 1998 647 2076; x_wconf 87' lang='lat' dir='ltr'><strong>Masculus</strong></span> <span class='ocrx_word' id='word_1_105' title='bbox 663 2001 801 2095; x_wconf 87' lang='lat' dir='ltr'>spiritus</span> <span class='ocrx_word' id='word_1_106' title='bbox 819 2003 966 2094; x_wconf 76' lang='lat' dir='ltr'>dicitur,</span> <span class='ocrx_word' id='word_1_107' title='bbox 991 2002 1136 2078; x_wconf 89' lang='lat' dir='ltr'>soemina</span> <span class='ocrx_word' id='word_1_108' title='bbox 1154 2003 1269 2077; x_wconf 88' lang='lat' dir='ltr'>anima</span> <span class='ocrx_word' id='word_1_109' title='bbox 1283 2024 1351 2096; x_wconf 86' lang='lat' dir='ltr'>po·</span> 
     </span>
     <span class='ocr_line' id='line_1_16' title="bbox 290 2099 1350 2194; baseline -0.001 -17"><span class='ocrx_word' id='word_1_110' title='bbox 290 2101 361 2177; x_wconf 88' lang='lat' dir='ltr'>test</span> <span class='ocrx_word' id='word_1_111' title='bbox 375 2102 582 2194; x_wconf 87' lang='lat' dir='ltr'>nuncupari</span> <span class='ocrx_word' id='word_1_112' title='bbox 632 2101 719 2175; x_wconf 86' lang='lat' dir='ltr'>Haec</span> <span class='ocrx_word' id='word_1_113' title='bbox 735 2104 759 2175; x_wconf 90' lang='lat' dir='ltr'>s1</span> <span class='ocrx_word' id='word_1_114' title='bbox 776 2102 1040 2176; x_wconf 86' lang='lat' dir='ltr'>concordiam</span> <span class='ocrx_word' id='word_1_115' title='bbox 1030 2116 1126 2176; x_wconf 87' lang='lat' dir='ltr'>mter</span> <span class='ocrx_word' id='word_1_116' title='bbox 1141 2099 1178 2184; x_wconf 83' lang='lat' dir='ltr'>se</span> <span class='ocrx_word' id='word_1_117' title='bbox 1193 2101 1350 2177; x_wconf 81' lang='lat' dir='ltr'>habeant</span> 
     </span>
    </p>
   </div>
   <div class='ocr_carea' id='block_1_5' title="bbox 237 2199 1481 2296">
    <p class='ocr_par' dir='ltr' id='par_1_6' title="bbox 237 2199 1481 2296">
     <span class='ocr_line' id='line_1_17' title="bbox 237 2199 1481 2296; baseline 0.002 -23"><span class='ocrx_word' id='word_1_118' title='bbox 237 2249 239 2258; x_wconf 32' lang='grc' dir='ltr'><em>ι</em></span> <span class='ocrx_word' id='word_1_119' title='bbox 289 2199 585 2293; x_wconf 85' lang='lat' dir='ltr'>&amp;consensum‚</span> <span class='ocrx_word' id='word_1_120' title='bbox 620 2202 877 2276; x_wconf 88' lang='lat' dir='ltr'>convenientia</span> <span class='ocrx_word' id='word_1_121' title='bbox 903 2204 998 2277; x_wconf 81' lang='lat' dir='ltr'>int&#39;er</span> <span class='ocrx_word' id='word_1_122' title='bbox 1026 2199 1161 2296; x_wconf 87' lang='lat' dir='ltr'>seipsa</span> <span class='ocrx_word' id='word_1_123' title='bbox 1183 2199 1348 2276; x_wconf 86' lang='lat' dir='ltr'>crescunt</span> <span class='ocrx_word' id='word_1_124' title='bbox 1475 2225 1481 2240; x_wconf 72' lang='lat'><strong><em>¹</em></strong></span> 
     </span>
    </p>
   </div>
   <div class='ocr_carea' id='block_1_6' title="bbox 237 2297 1455 3289">
    <p class='ocr_par' dir='ltr' id='par_1_7' title="bbox 237 2297 1455 3289">
     <span class='ocr_line' id='line_1_18' title="bbox 237 2297 1345 2396; baseline -0.003 -19"><span class='ocrx_word' id='word_1_125' title='bbox 237 2337 239 2390; x_wconf 50' lang='grc' dir='ltr'><em>ι</em></span> <span class='ocrx_word' id='word_1_126' title='bbox 290 2304 325 2377; x_wconf 82' lang='lat' dir='ltr'>dt</span> <span class='ocrx_word' id='word_1_127' title='bbox 346 2301 650 2393; x_wconf 84' lang='lat' dir='ltr'>multiplicantur,</span> <span class='ocrx_word' id='word_1_128' title='bbox 677 2315 920 2396; x_wconf 84' lang='lat' dir='ltr'>generantque</span> <span class='ocrx_word' id='word_1_129' title='bbox 939 2297 1035 2373; x_wconf 82' lang='lat' dir='ltr'>lilios</span> <span class='ocrx_word' id='word_1_130' title='bbox 1059 2297 1175 2380; x_wconf 78' lang='lat' dir='ltr'>sensus</span> <span class='ocrx_word' id='word_1_131' title='bbox 1199 2299 1345 2396; x_wconf 84' lang='lat' dir='ltr'>bonos,</span> 
     </span>
     <span class='ocr_line' id='line_1_19' title="bbox 238 2399 1348 2496; baseline -0.001 -21"><span class='ocrx_word' id='word_1_132' title='bbox 238 2473 239 2490; x_wconf 20' lang='grc' dir='ltr'><strong><em>Ν</em></strong></span> <span class='ocrx_word' id='word_1_133' title='bbox 291 2406 325 2476; x_wconf 86' lang='lat'>&amp;</span> <span class='ocrx_word' id='word_1_134' title='bbox 352 2399 550 2473; x_wconf 78' lang='lat' dir='ltr'>intelletlus</span> <span class='ocrx_word' id='word_1_135' title='bbox 575 2402 636 2473; x_wconf 91' lang='lat' dir='ltr'>vel</span> <span class='ocrx_word' id='word_1_136' title='bbox 664 2401 905 2496; x_wconf 86' lang='lat' dir='ltr'>cogitationes</span> <span class='ocrx_word' id='word_1_137' title='bbox 931 2403 1067 2483; x_wconf 69' lang='lat' dir='ltr'>utiles„</span> <span class='ocrx_word' id='word_1_138' title='bbox 1100 2419 1165 2494; x_wconf 90' lang='lat' dir='ltr'>per</span> <span class='ocrx_word' id='word_1_139' title='bbox 1192 2421 1270 2492; x_wconf 82' lang='lat' dir='ltr'>quaa</span> <span class='ocrx_word' id='word_1_140' title='bbox 1292 2420 1348 2474; x_wconf 85' lang='lat' dir='ltr'>re·</span> 
     </span>
     <span class='ocr_line' id='line_1_20' title="bbox 288 2496 1347 2596; baseline -0.001 -21"><span class='ocrx_word' id='word_1_141' title='bbox 288 2504 414 2596; x_wconf 91' lang='lat' dir='ltr'>pleant</span> <span class='ocrx_word' id='word_1_142' title='bbox 436 2514 565 2573; x_wconf 90' lang='lat' dir='ltr'>terram</span> <span class='ocrx_word' id='word_1_143' title='bbox 588 2499 622 2572; x_wconf 80' lang='lat' dir='ltr'>u</span> <span class='ocrx_word' id='word_1_144' title='bbox 644 2499 875 2574; x_wconf 85' lang='lat' dir='ltr'>dominentur</span> <span class='ocrx_word' id='word_1_145' title='bbox 893 2504 930 2573; x_wconf 91' lang='lat' dir='ltr'>in</span> <span class='ocrx_word' id='word_1_146' title='bbox 953 2522 1016 2573; x_wconf 87' lang='lat' dir='ltr'>ea:</span> <span class='ocrx_word' id='word_1_147' title='bbox 1040 2499 1115 2574; x_wconf 84' lang='lat' dir='ltr'>hoc</span> <span class='ocrx_word' id='word_1_148' title='bbox 1137 2496 1208 2592; x_wconf 87' lang='lat' dir='ltr'>est,</span> <span class='ocrx_word' id='word_1_149' title='bbox 1235 2497 1347 2591; x_wconf 90' lang='lat' dir='ltr'>subje-</span> 
     </span>
     <span class='ocr_line' id='line_1_21' title="bbox 290 2596 1352 2698; baseline -0.005 -22"><span class='ocrx_word' id='word_1_150' title='bbox 290 2600 384 2676; x_wconf 74' lang='lat' dir='ltr'>stum</span> <span class='ocrx_word' id='word_1_151' title='bbox 404 2597 466 2673; x_wconf 88' lang='lat' dir='ltr'>fibi</span> <span class='ocrx_word' id='word_1_152' title='bbox 487 2596 620 2678; x_wconf 89' lang='lat' dir='ltr'>sensnm</span> <span class='ocrx_word' id='word_1_153' title='bbox 647 2600 761 2698; x_wconf 86' lang='lat' dir='ltr'>carnis</span> <span class='ocrx_word' id='word_1_154' title='bbox 786 2600 828 2671; x_wconf 92' lang='lat' dir='ltr'>ad</span> <span class='ocrx_word' id='word_1_155' title='bbox 847 2599 997 2674; x_wconf 83' lang='lat' dir='ltr'>meliora</span> <span class='ocrx_word' id='word_1_156' title='bbox 1015 2597 1173 2672; x_wconf 83' lang='lat' dir='ltr'>instituta</span> <span class='ocrx_word' id='word_1_157' title='bbox 1192 2619 1352 2671; x_wconf 65' lang='lat' dir='ltr'>conver·</span> 
     </span>
     <span class='ocr_line' id='line_1_22' title="bbox 289 2696 1344 2796; baseline -0.002 -22"><span class='ocrx_word' id='word_1_158' title='bbox 289 2714 399 2790; x_wconf 89' lang='lat' dir='ltr'>tunt,</span> <span class='ocrx_word' id='word_1_159' title='bbox 425 2699 706 2772; x_wconf 81' lang='lat' dir='ltr'>&amp;dominantur</span> <span class='ocrx_word' id='word_1_160' title='bbox 722 2699 795 2789; x_wconf 82' lang='lat' dir='ltr'>eis,</span> <span class='ocrx_word' id='word_1_161' title='bbox 819 2696 954 2774; x_wconf 87' lang='lat' dir='ltr'>scilicet</span> <span class='ocrx_word' id='word_1_162' title='bbox 976 2718 1056 2769; x_wconf 91' lang='lat' dir='ltr'>cum</span> <span class='ocrx_word' id='word_1_163' title='bbox 1074 2698 1110 2770; x_wconf 91' lang='lat' dir='ltr'>in</span> <span class='ocrx_word' id='word_1_164' title='bbox 1134 2698 1237 2796; x_wconf 86' lang='lat' dir='ltr'>nullo</span> <span class='ocrx_word' id='word_1_165' title='bbox 1258 2716 1344 2772; x_wconf 88' lang='lat' dir='ltr'>caro</span> 
     </span>
     <span class='ocr_line' id='line_1_23' title="bbox 289 2795 1455 2892; baseline -0.003 -18"><span class='ocrx_word' id='word_1_166' title='bbox 289 2815 420 2874; x_wconf 85' lang='lat' dir='ltr'>contra</span> <span class='ocrx_word' id='word_1_167' title='bbox 441 2800 667 2874; x_wconf 89' lang='lat' dir='ltr'>voluntatem</span> <span class='ocrx_word' id='word_1_168' title='bbox 696 2796 836 2892; x_wconf 88' lang='lat' dir='ltr'>spiritus</span> <span class='ocrx_word' id='word_1_169' title='bbox 861 2797 1051 2876; x_wconf 83' lang='lat' dir='ltr'>insolescit.</span> <span class='ocrx_word' id='word_1_170' title='bbox 1100 2797 1176 2892; x_wconf 90' lang='lat' dir='ltr'>Jam</span> <span class='ocrx_word' id='word_1_171' title='bbox 1200 2795 1345 2871; x_wconf 80' lang='lat' dir='ltr'>verosi</span> <span class='ocrx_word' id='word_1_172' title='bbox 1452 2883 1455 2890; x_wconf 89' lang='lat'><em>.</em></span> 
     </span>
     <span class='ocr_line' id='line_1_24' title="bbox 288 2892 1344 2993; baseline -0.005 -18"><span class='ocrx_word' id='word_1_173' title='bbox 288 2900 405 2975; x_wconf 87' lang='lat' dir='ltr'>anima</span> <span class='ocrx_word' id='word_1_174' title='bbox 425 2896 614 2990; x_wconf 69' lang='lat' dir='ltr'>conjuntta</span> <span class='ocrx_word' id='word_1_175' title='bbox 632 2896 790 2990; x_wconf 81' lang='lat' dir='ltr'>spiritui,</span> <span class='ocrx_word' id='word_1_176' title='bbox 828 2910 935 2990; x_wconf 87' lang='lat' dir='ltr'>atque</span> <span class='ocrx_word' id='word_1_177' title='bbox 962 2897 1038 2988; x_wconf 76' lang='lat' dir='ltr'>ejns</span> <span class='ocrx_word' id='word_1_178' title='bbox 1060 2892 1123 2992; x_wconf 88' lang='lat' dir='ltr'>(ut</span> <span class='ocrx_word' id='word_1_179' title='bbox 1141 2895 1193 2968; x_wconf 88' lang='lat' dir='ltr'>ita</span> <span class='ocrx_word' id='word_1_180' title='bbox 1208 2893 1344 2993; x_wconf 87' lang='lat' dir='ltr'>dicam)</span> 
     </span>
     <span class='ocr_line' id='line_1_25' title="bbox 287 2994 1344 3092; baseline -0.008 -18"><span class='ocrx_word' id='word_1_181' title='bbox 287 2998 460 3092; x_wconf 85' lang='lat' dir='ltr'>conjugio</span> <span class='ocrx_word' id='word_1_182' title='bbox 480 2997 671 3091; x_wconf 84' lang='lat' dir='ltr'>copulata,</span> <span class='ocrx_word' id='word_1_183' title='bbox 708 2997 866 3072; x_wconf 88' lang='lat' dir='ltr'>declinet</span> <span class='ocrx_word' id='word_1_184' title='bbox 881 2994 1069 3089; x_wconf 88' lang='lat' dir='ltr'>aliquando</span> <span class='ocrx_word' id='word_1_185' title='bbox 1087 2995 1130 3068; x_wconf 89' lang='lat' dir='ltr'>ad</span> <span class='ocrx_word' id='word_1_186' title='bbox 1147 3014 1344 3090; x_wconf 79' lang='lat' dir='ltr'>corporeas</span> 
     </span>
     <span class='ocr_line' id='line_1_26' title="bbox 286 3093 1345 3190; baseline -0.009 -14"><span class='ocrx_word' id='word_1_187' title='bbox 286 3099 518 3189; x_wconf 83' lang='lat' dir='ltr'>voluptates,</span> <span class='ocrx_word' id='word_1_188' title='bbox 548 3094 752 3190; x_wconf 84' lang='lat' dir='ltr'>sensumque</span> <span class='ocrx_word' id='word_1_189' title='bbox 776 3096 875 3171; x_wconf 88' lang='lat' dir='ltr'>suum</span> <span class='ocrx_word' id='word_1_190' title='bbox 894 3095 931 3170; x_wconf 90' lang='lat' dir='ltr'>in</span> <span class='ocrx_word' id='word_1_191' title='bbox 951 3093 1246 3170; x_wconf 73' lang='lat' dir='ltr'>delcetationibua</span> <span class='ocrx_word' id='word_1_192' title='bbox 1269 3113 1345 3167; x_wconf 83' lang='lat' dir='ltr'>car·</span> 
     </span>
     <span class='ocr_line' id='line_1_27' title="bbox 285 3195 1345 3289; baseline -0.004 -17"><span class='ocrx_word' id='word_1_193' title='bbox 285 3197 424 3278; x_wconf 72' lang='lat' dir='ltr'>nulibus</span> <span class='ocrx_word' id='word_1_194' title='bbox 448 3196 623 3289; x_wconf 85' lang='lat' dir='ltr'>inclinet,</span> <span class='ocrx_word' id='word_1_195' title='bbox 650 3196 684 3268; x_wconf 78' lang='lat' dir='ltr'>ta</span> <span class='ocrx_word' id='word_1_196' title='bbox 709 3196 899 3288; x_wconf 82' lang='lat' dir='ltr'>aliquando</span> <span class='ocrx_word' id='word_1_197' title='bbox 928 3195 1070 3289; x_wconf 86' lang='lat' dir='ltr'>quidem</span> <span class='ocrx_word' id='word_1_198' title='bbox 1095 3195 1345 3287; x_wconf 80' lang='lat' dir='ltr'>obtemperare</span> 
     </span>
    </p>
   </div>
   <div class='ocr_carea' id='block_1_7' title="bbox 285 3289 1471 3390">
    <p class='ocr_par' dir='ltr' id='par_1_8' title="bbox 285 3289 1471 3390">
     <span class='ocr_line' id='line_1_28' title="bbox 285 3289 1471 3390; baseline -0.008 -18"><span class='ocrx_word' id='word_1_199' title='bbox 285 3296 454 3372; x_wconf 87' lang='lat' dir='ltr'>videatur</span> <span class='ocrx_word' id='word_1_200' title='bbox 468 3295 674 3371; x_wconf 89' lang='lat' dir='ltr'>salutaribus</span> <span class='ocrx_word' id='word_1_201' title='bbox 688 3298 832 3370; x_wconf 83' lang='lat' dir='ltr'>monitis</span> <span class='ocrx_word' id='word_1_202' title='bbox 843 3295 1011 3390; x_wconf 85' lang='lat' dir='ltr'>spiritus,</span> <span class='ocrx_word' id='word_1_203' title='bbox 1038 3291 1227 3386; x_wconf 88' lang='lat' dir='ltr'>aliquando</span> <span class='ocrx_word' id='word_1_204' title='bbox 1248 3289 1342 3366; x_wconf 86' lang='lat' dir='ltr'>vero</span> <span class='ocrx_word' id='word_1_205' title='bbox 1361 3325 1383 3358; x_wconf 92' lang='lat'>·.</span> <span class='ocrx_word' id='word_1_206' title='bbox 1468 3382 1471 3388; x_wconf 13' lang='grc' dir='ltr'><em>ι</em></span> 
     </span>
    </p>
   </div>
   <div class='ocr_carea' id='block_1_8' title="bbox 284 3391 1432 3588">
    <p class='ocr_par' dir='ltr' id='par_1_9' title="bbox 284 3391 1432 3588">
     <span class='ocr_line' id='line_1_29' title="bbox 284 3391 1344 3489; baseline -0.004 -19"><span class='ocrx_word' id='word_1_207' title='bbox 284 3397 387 3470; x_wconf 81' lang='lat' dir='ltr'>vitiis</span> <span class='ocrx_word' id='word_1_208' title='bbox 409 3398 606 3471; x_wconf 85' lang='lat' dir='ltr'>carnalibus</span> <span class='ocrx_word' id='word_1_209' title='bbox 632 3395 761 3489; x_wconf 79' lang='lat' dir='ltr'>cedat,</span> <span class='ocrx_word' id='word_1_210' title='bbox 787 3396 867 3472; x_wconf 84' lang='lat' dir='ltr'>talia</span> <span class='ocrx_word' id='word_1_211' title='bbox 895 3396 1010 3470; x_wconf 87' lang='lat' dir='ltr'>anima</span> <span class='ocrx_word' id='word_1_212' title='bbox 1032 3396 1135 3467; x_wconf 86' lang='lat' dir='ltr'>velus</span> <span class='ocrx_word' id='word_1_213' title='bbox 1165 3391 1344 3466; x_wconf 87' lang='lat' dir='ltr'>adulterio</span> 
     </span>
     <span class='ocr_line' id='line_1_30' title="bbox 287 3491 1432 3588; baseline -0.005 -19"><span class='ocrx_word' id='word_1_214' title='bbox 287 3497 453 3588; x_wconf 88' lang='lat' dir='ltr'>corporis</span> <span class='ocrx_word' id='word_1_215' title='bbox 472 3498 671 3587; x_wconf 86' lang='lat' dir='ltr'>maculata,</span> <span class='ocrx_word' id='word_1_216' title='bbox 698 3516 815 3587; x_wconf 89' lang='lat' dir='ltr'>neque</span> <span class='ocrx_word' id='word_1_217' title='bbox 833 3493 1013 3587; x_wconf 84' lang='lat' dir='ltr'>crescere,</span> <span class='ocrx_word' id='word_1_218' title='bbox 1038 3512 1155 3585; x_wconf 87' lang='lat' dir='ltr'>neque</span> <span class='ocrx_word' id='word_1_219' title='bbox 1176 3491 1346 3584; x_wconf 87' lang='lat' dir='ltr'>multipli·</span> <span class='ocrx_word' id='word_1_220' title='bbox 1429 3511 1432 3518; x_wconf 87' lang='lat'>·</span> 
     </span>
    </p>
   </div>
   <div class='ocr_carea' id='block_1_9' title="bbox 283 3589 1434 4292">
    <p class='ocr_par' dir='ltr' id='par_1_10' title="bbox 283 3589 1434 4292">
     <span class='ocr_line' id='line_1_31' title="bbox 284 3589 1345 3690; baseline -0.009 -18"><span class='ocrx_word' id='word_1_221' title='bbox 284 3613 359 3672; x_wconf 86' lang='lat' dir='ltr'>cau</span> <span class='ocrx_word' id='word_1_222' title='bbox 350 3595 530 3690; x_wconf 85' lang='lat' dir='ltr'>legitime</span> <span class='ocrx_word' id='word_1_223' title='bbox 546 3595 689 3686; x_wconf 85' lang='lat' dir='ltr'>dicitur,</span> <span class='ocrx_word' id='word_1_224' title='bbox 717 3594 885 3686; x_wconf 89' lang='lat' dir='ltr'>qnoniam</span> <span class='ocrx_word' id='word_1_225' title='bbox 900 3593 1040 3686; x_wconf 86' lang='lat' dir='ltr'>quidem</span> <span class='ocrx_word' id='word_1_226' title='bbox 1053 3589 1149 3665; x_wconf 83' lang='lat' dir='ltr'>filios</span> <span class='ocrx_word' id='word_1_227' title='bbox 1163 3590 1345 3664; x_wconf 90' lang='lat' dir='ltr'>adultero-</span> 
     </span>
     <span class='ocr_line' id='line_1_32' title="bbox 284 3689 1344 3790; baseline -0.006 -23"><span class='ocrx_word' id='word_1_228' title='bbox 284 3715 366 3768; x_wconf 91' lang='lat' dir='ltr'>rum</span> <span class='ocrx_word' id='word_1_229' title='bbox 380 3693 607 3787; x_wconf 81' lang='lat' dir='ltr'>imperfetlos</span> <span class='ocrx_word' id='word_1_230' title='bbox 622 3693 793 3787; x_wconf 88' lang='lat' dir='ltr'>scriptura</span> <span class='ocrx_word' id='word_1_231' title='bbox 805 3692 970 3790; x_wconf 80' lang='lat' dir='ltr'>designat</span> <span class='ocrx_word' id='word_1_232' title='bbox 995 3689 1094 3764; x_wconf 83' lang='lat' dir='ltr'>Talis</span> <span class='ocrx_word' id='word_1_233' title='bbox 1107 3690 1202 3765; x_wconf 86' lang='lat' dir='ltr'>enin</span> <span class='ocrx_word' id='word_1_234' title='bbox 1216 3690 1344 3782; x_wconf 81' lang='lat' dir='ltr'>anima,</span> 
     </span>
     <span class='ocr_line' id='line_1_33' title="bbox 285 3787 1343 3888; baseline -0.011 -17"><span class='ocrx_word' id='word_1_235' title='bbox 285 3814 365 3886; x_wconf 81' lang='lat' dir='ltr'>quaa</span> <span class='ocrx_word' id='word_1_236' title='bbox 390 3791 488 3888; x_wconf 89' lang='lat' dir='ltr'>spirit</span> <span class='ocrx_word' id='word_1_237' title='bbox 490 3816 529 3866; x_wconf 89' lang='lat' dir='ltr'>us</span> <span class='ocrx_word' id='word_1_238' title='bbox 553 3793 806 3888; x_wconf 75' lang='lat' dir='ltr'>conjundtione</span> <span class='ocrx_word' id='word_1_239' title='bbox 833 3790 993 3882; x_wconf 86' lang='lat' dir='ltr'>deserta,</span> <span class='ocrx_word' id='word_1_240' title='bbox 1019 3787 1139 3873; x_wconf 90' lang='lat' dir='ltr'>sensui</span> <span class='ocrx_word' id='word_1_241' title='bbox 1149 3787 1186 3862; x_wconf 89' lang='lat' dir='ltr'>se</span> <span class='ocrx_word' id='word_1_242' title='bbox 1206 3787 1343 3880; x_wconf 83' lang='lat' dir='ltr'>carnia,</span> 
     </span>
     <span class='ocr_line' id='line_1_34' title="bbox 286 3879 1343 4006; baseline -0.009 -38"><span class='ocrx_word' id='word_1_243' title='bbox 286 3894 323 3968; x_wconf 78' lang='lat' dir='ltr'>n</span> <span class='ocrx_word' id='word_1_244' title='bbox 354 3892 530 3966; x_wconf 78' lang='lat' dir='ltr'>desideriis</span> <span class='ocrx_word' id='word_1_245' title='bbox 561 3896 809 3994; x_wconf 83' lang='lat' dir='ltr'>corporalibus</span> <span class='ocrx_word' id='word_1_246' title='bbox 834 3903 950 3965; x_wconf 89' lang='lat' dir='ltr'>totam</span> <span class='ocrx_word' id='word_1_247' title='bbox 978 3887 1201 4006; x_wconf 83' lang='lat' dir='ltr'>prosternit,</span> <span class='ocrx_word' id='word_1_248' title='bbox 1240 3879 1343 3961; x_wconf 88' lang='lat' dir='ltr'>velut</span> 
     </span>
     <span class='ocr_line' id='line_1_35' title="bbox 285 3985 1345 4089; baseline -0.013 -21"><span class='ocrx_word' id='word_1_249' title='bbox 285 3990 409 4068; x_wconf 89' lang='lat' dir='ltr'>aversa</span> <span class='ocrx_word' id='word_1_250' title='bbox 430 4014 450 4063; x_wconf 88' lang='lat' dir='ltr'>a</span> <span class='ocrx_word' id='word_1_251' title='bbox 469 3992 554 4070; x_wconf 91' lang='lat' dir='ltr'>Deo</span> <span class='ocrx_word' id='word_1_252' title='bbox 566 3985 822 4089; x_wconf 84' lang='lat' dir='ltr'>impudenter,</span> <span class='ocrx_word' id='word_1_253' title='bbox 848 3990 969 4064; x_wconf 89' lang='lat' dir='ltr'>audiet</span> <span class='ocrx_word' id='word_1_254' title='bbox 984 3989 1065 4082; x_wconf 87' lang='lat' dir='ltr'>quia</span> <span class='ocrx_word' id='word_1_255' title='bbox 1075 3989 1177 4084; x_wconf 74' lang='lat' dir='ltr'>facies</span> <span class='ocrx_word' id='word_1_256' title='bbox 1199 3994 1345 4058; x_wconf 78' lang='lat' dir='ltr'>meretri·</span> 
     </span>
     <span class='ocr_line' id='line_1_36' title="bbox 283 4084 1368 4270; baseline -0.009 -100"><span class='ocrx_word' id='word_1_257' title='bbox 283 4096 329 4170; x_wconf 76' lang='lat' dir='ltr'>en</span> <span class='ocrx_word' id='word_1_258' title='bbox 345 4091 440 4258; x_wconf 66' lang='lat' dir='ltr'>fodio</span> <span class='ocrx_word' id='word_1_259' title='bbox 459 4094 590 4248; x_wconf 76' lang='lat' dir='ltr'>esttibi,</span> <span class='ocrx_word' id='word_1_260' title='bbox 609 4097 677 4193; x_wconf 78' lang='lat' dir='ltr'>fine</span> <span class='ocrx_word' id='word_1_261' title='bbox 691 4097 813 4270; x_wconf 53' lang='lat' dir='ltr'>pudo}</span> <span class='ocrx_word' id='word_1_262' title='bbox 824 4088 934 4185; x_wconf 73' lang='lat' dir='ltr'>effesia</span> <span class='ocrx_word' id='word_1_263' title='bbox 950 4115 981 4164; x_wconf 77' lang='lat' dir='ltr'>es</span> <span class='ocrx_word' id='word_1_264' title='bbox 992 4091 1034 4164; x_wconf 77' lang='lat' dir='ltr'>ad</span> <span class='ocrx_word' id='word_1_265' title='bbox 1051 4111 1168 4166; x_wconf 74' lang='lat' dir='ltr'>omnes</span> <span class='ocrx_word' id='word_1_266' title='bbox 1215 4085 1293 4157; x_wconf 79' lang='lat' dir='ltr'>vel</span> <span class='ocrx_word' id='word_1_267' title='bbox 1277 4084 1368 4160; x_wconf 71' lang='lat' dir='ltr'>lun</span> 
     </span>
     <span class='ocr_line' id='line_1_37' title="bbox 841 4192 1434 4292; baseline -0.015 -24"><span class='ocrx_word' id='word_1_268' title='bbox 841 4215 864 4292; x_wconf 74' lang='lat'>3</span> <span class='ocrx_word' id='word_1_269' title='bbox 1198 4202 1322 4264; x_wconf 64' lang='lat' dir='ltr'>tuere</span> <span class='ocrx_word' id='word_1_270' title='bbox 1425 4192 1434 4203; x_wconf 57' lang='lat'>⁸</span> 
     </span>
    </p>
   </div>
   <div class='ocr_carea' id='block_1_10' title="bbox 0 0 1714 4692">
    <p class='ocr_par' dir='ltr' id='par_1_11' title="bbox 0 0 1714 4692">
     <span class='ocr_line' id='line_1_38' title="bbox 0 0 1714 4692; baseline 0 5"><span class='ocrx_word' id='word_1_271' title='bbox 0 0 1714 4692; x_wconf 95' lang='lat' dir='ltr'> </span> 
     </span>
    </p>
   </div>
  </div>
 </body>
</html>
