3417 4692
400 401 472 514 19⁶
715 404 1124 490 onronnrs

395 583 547 672 parente
565 566 736 652 seruatas.
785 573 1037 668 Recuperandi
1056 572 1165 670 igitur
1182 571 1325 646 humani
1345 593 1453 669 gene·

396 675 445 748 ris
460 673 666 749 desiderium
682 667 840 765 sumunt,
868 686 976 764 atque
994 672 1205 746 instaurandi
1221 669 1335 746 saeculi
1349 696 1394 746 ex
1414 664 1452 748 se

395 770 550 848 dandum
566 775 758 869 opinantur
771 774 970 849 exordium.
1012 769 1061 845 Et
1074 773 1233 864 quamuis
1252 767 1450 870 grande'eis

394 873 530 948 crimen
550 873 734 949 videretur
752 871 861 948 furari
884 871 1118 948 concubitum
1138 874 1275 966 patris,
1301 873 1450 970 gravior

392 973 444 1046 eis
465 987 585 1046 tamen
605 971 793 1065 videbatur
813 974 1001 1068 impietas,
1035 971 1062 1046 fi
1085 969 1245 1046 humanae
1268 965 1334 1068 (ut-
1347 985 1451 1066 puta·

389 1071 500 1170 bant)
532 1067 751 1165 posteritatis
783 1068 887 1167 spem¹
912 1069 1050 1146 servate
1081 1068 1240 1144 castitate
1271 1070 1448 1148 delerent.

388 1167 546 1266 Propter
563 1170 636 1245 hoc
660 1194 747 1270 crgo
770 1172 953 1246 confilium
977 1172 1103 1244 ineunt
1124 1171 1265 1244 minore
1291 1167 1354 1268 (ut
1375 1193 1448 1267 ego

389 1270 568 1370 arbitror)
593 1273 723 1366 culpa,
757 1272 817 1368 spe
842 1286 962 1345 tamen
985 1284 1268 1367 argumentoque
1291 1269 1449 1362 majore:

386 1372 498 1464 patris
525 1370 750 1465 mestitiam,
781 1372 843 1448 vel
862 1372 892 1444 ri
918 1391 1018 1445 orem
1041 1371 1128 1444 vino
1147 1369 1316 1443 molliunt
1340 1368 1447 1444 &re-

384 1466 547 1548 solvunt.
596 1471 749 1568 Singulis
770 1471 870 1570 ingre
899 1493 927 1544 ae
945 1467 1137 1562 nostibus,
1161 1469 1302 1566 srnguiae
1325 1471 1450 1544 conci·

383 1571 491 1664 piunt
501 1570 544 1644 ab
556 1569 757 1668 ignorante.
808 1570 1051 1644 Concubitum
1067 1568 1245 1642 ultranon
1260 1583 1447 1662 repetunt,

383 1681 462 1744 non
479 1671 677 1762 requirunt.
729 1669 803 1744 Ubi
828 1671 887 1744 hic
904 1667 1059 1744 libidinis
1083 1667 1210 1761 culpa,
1238 1667 1300 1742 ubi
1319 1663 1448 1742 incesti

382 1767 520 1843 crimen
533 1769 718 1868 arguitur?
746 1769 948 1871 Quomodo
963 1767 1229 1870 dabiturvitio‚
1255 1766 1354 1861 quod
1366 1789 1447 1844 non

380 1863 584 1942 iteratur'in
601 1865 724 1944 fauor
749 1870 895 1944 Vereor
905 1867 1096 1964 proloqui,
1113 1865 1211 1960 quod
1223 1862 1359 1959 sentio,
1379 1887 1447 1950 ve-

378 1983 489 2060 reor,
503 1966 667 2062 inquam,
685 1990 732 2042 ne
748 1966 992 2041 castiorfuerit
1004 1968 1128 2057 harum
1144 1964 1317 2060 incestus,
1337 1986 1446 2059 quam

378 2063 553 2160 pudicitia
567 2065 768 2144 multarum.
819 2065 1023 2140 Discutiunt
1039 2064 1096 2158 se,
1131 2065 1166 2138 u
1182 2068 1365 2158 requirant
1381 2063 1445 2138 foe·

377 2163 484 2239 minae
496 2165 535 2238 in
555 2165 732 2263 conjugiis
750 2166 893 2260 posita,
919 2165 944 2254 sr
961 2167 1010 2239 ob
1028 2163 1102 2238 hoc
1116 2163 1229 2250 solum
1244 2164 1372 2239 adeant
1388 2166 1445 2240 vi·

335 2343 340 2352 ,
375 2277 466 2356 ros,
504 2274 547 2335 ut
573 2259 760 2358 suscipiant
787 2265 951 2358 liberos,
990 2262 1117 2358 sipost
1137 2279 1356 2357 conceptum
1380 2263 1443 2338 de·

373 2355 508 2438 sistunt.
535 2361 612 2435 lstae
628 2366 721 2438 enim
731 2418 750 2457 ,,
772 2387 849 2458 quae
862 2364 958 2461 argui
977 2363 1147 2436 videntur
1162 2363 1305 2453 incesti,
1330 2377 1372 2436 ut
1383 2363 1444 2437 'ad-

373 2472 469 2553 eptae
485 2461 564 2536 sunt
583 2481 824 2557 conceptum,
850 2466 943 2538 uitra
960 2485 1037 2537 non
1052 2461 1230 2537 accedunt
1248 2463 1290 2535 ad
1306 2482 1444 2536 contu·

371 2557 492 2636 bitum
513 2559 594 2637 viri.
647 2561 843 2637 Nonnullae
869 2584 960 2638 vcro
983 2564 1172 2655 muliereS,
1206 2565 1444 2654 nequeenim

370 2660 554 2735 universas
579 2663 713 2755 pariter
737 2676 928 2754 notamus,
963 2660 1021 2736 sed
1044 2660 1123 2735 sunt
1144 2661 1326 2753 quaedam,
1361 2683 1443 2755 quae

277 2843 279 2847 ,
370 2755 462 2832 srcut
483 2759 645 2835 animalia
667 2761 796 2855 absque
816 2763 886 2836 ulia
911 2757 1127 2836 discretione
1148 2761 1383 2835 indesinenter
1400 2761 1441 2834 li·

369 2853 482 2932 bidini
504 2856 686 2954 serviunt,
720 2883 805 2953 quas
822 2883 893 2958 ego
909 2882 978 2934 nec
999 2861 1106 2934 mutis
1127 2860 1320 2955 pecoribus
1338 2881 1440 2934 com·

367 2958 585 3052 paraverim.
637 2955 775 3034 Pecora
793 2958 886 3034 enim
905 2961 1025 3052 &ipsa
1043 2953 1179 3052 sciunt,
1205 2981 1286 3033 cum
1306 2980 1441 3033 conce·

365 3058 507 3150 perior,
533 3056 625 3130 ultra
646 3080 723 3133 non
743 3055 928 3155 indulgere
945 3058 1101 3133 maribus
1116 3057 1256 3152 copiam
1269 3059 1331 3135 sui.
1356 3059 1439 3134 No·

365 3163 421 3227 tat
444 3159 533 3231 tales
553 3155 778 3254 &scriptura
806 3157 953 3246 divina,
983 3179 1063 3232 cum
1088 3159 1201 3232 dicit:
1228 3160 1345 3233 Nolite
1358 3159 1439 3250 fieri

358 3251 443 3346 ficut
464 3281 561 3352 equus
581 3254 620 3334 U
634 3260 763 3349 maius,
788 3263 901 3356 qarbus
918 3281 983 3330 non
1004 3258 1044 3355 est
1060 3255 1248 3331 iniesefirts.
1300 3250 1350 3332 Et
1370 3257 1437 3332 ite·

362 3369 460 3426 rurn:
488 3351 577 3451 Equi
593 3357 771 3450 admffrrri
782 3358 974 3452 fatrifimr.
1025 3355 1191 3450 Sedvos
1223 3379 1249 3430 o
1278 3358 1436 3452 populus

360 3445 453 3534 ner,
480 3455 540 3546 qui
554 3448 731 3550 Christum
749 3454 922 3531 amntisin
940 3455 1241 3550 incorruptione,
1268 3453 1436 3552 intelligi

361 3560 400 3624 te
414 3547 586 3644 Apostoli
602 3551 815 3647 sermonem,
835 3579 909 3652 quo
920 3559 998 3630 ait:
1027 3559 1106 3627 Sive
1120 3563 1344 3644 manducaris,
1366 3556 1434 3646 fier

356 3647 485 3732 bibitis,
500 3655 572 3749 five
596 3659 688 3728 aliud
704 3661 780 3755 quus
794 3659 932 3748 fontis,
957 3664 1067 3727 omnic
1089 3659 1126 3724 in
1145 3659 1278 3750 giarium
1298 3654 1363 3721 Des
1374 3649 1435 3745 fc·

355 3754 427 3823 cite.
479 3753 591 3852 Quod
610 3751 704 3830 enim
721 3757 804 3850 post
820 3756 1035 3830 manducare
1054 3755 1087 3827 ἃ
1105 3751 1231 3828 bibere
1245 3746 1350 3823 dicit:
1377 3751 1434 3824 Si·

354 3870 397 3917 ve
423 3852 514 3920 aiud
541 3860 780 3948 quiescetis,
815 3855 1061 3928 inverecunda
1096 3848 1252 3945 conjugii
1282 3848 1434 4020 negotia

352 3950 566 4023 uerecundo
584 3948 748 4028 sermone
765 3954 933 4051 fignavit.
964 3948 1155 4024 ostendens
1169 3950 1276 4022 etiarn
1291 3945 1327 4045 ip
1344 3971 1364 4022 a
1384 3947 1433 4024 td

345 4039 423 4119 Dei
440 4049 598 4146 gloriam
620 4052 727 4154 geri,
762 4053 789 4130 si
816 4050 1041 4151 posteritatis
1067 4045 1176 4122 sotius
1201 4048 1431 4142 contempla·

1038 4161 1041 4168 '
1296 4147 1424 4226 tiobc
