3417 4692
448 425 516 504 IN
542 421 1133 508 GENES'IM'HOMILIA
1158 425 1226 506 IV.
1304 437 1373 524 187

313 590 401 688 pedes
416 589 523 685 vestri.
574 588 699 664 Docet
721 589 864 682 quidem
880 605 919 664 te
940 609 1006 686 per
1020 589 1097 664 baec
1117 588 1297 664 Abraham
1317 613 1376 682 pa·

314 704 372 762 ter
389 690 548 784 gentium
568 687 602 762 ἃ
621 688 802 787 magister,
814 753 816 760 .
830 689 1017 782 quomodo
1033 691 1189 785 hospites
1204 689 1376 784 suscipere
1427 687 1435 700 “

309 790 472 880 debeas,
498 787 594 864 &ut
613 792 713 863 laves
739 787 917 886 hospitum
940 789 1076 884 pedes,
1109 797 1229 865 tamen
1249 791 1282 864 bt
1301 793 1375 864 hoc

316 891 354 962 in
369 887 538 981 mysterio
560 889 700 965 dicitur.
724 889 868 964 Sciebat
881 889 975 964 eninr
989 889 1168 964 dominica
1180 889 1374 964 sacramen-

316 1003 378 1079 ta,
404 1009 480 1062 non
498 988 561 1064 nifi
578 989 615 1063 in
632 990 793 1064 lavandis
815 989 964 1083 pedibus
986 988 1270 1066 consummanda.
1305 989 1377 1064 Sed

318 1109 386 1161 nec
407 1089 499 1161 illius
519 1089 660 1183 quidem
675 1090 844 1187 precepti
859 1110 940 1172 eum
961 1088 1104 1184 pondus
1118 1091 1274 1183 latebat,
1301 1111 1376 1184 quo

318 1189 448 1261 dicitur
470 1211 491 1261 a
511 1188 720 1264 salvatore:
759 1195 798 1262 Si
820 1195 877 1288 qni
894 1213 960 1260 non
985 1195 1154 1287 receperint
1178 1215 1256 1278 vos,
1282 1199 1379 1262 etiam

314 1291 497 1386 pulverem,
517 1295 575 1389 qui
589 1291 716 1387 edhaefit
732 1290 860 1387 pedibus
877 1291 1014 1386 velitis,
1040 1296 1176 1362 excutite
1192 1297 1228 1361 in
1247 1290 1378 1388 tessimo-

319 1395 414 1460 nium
434 1390 511 1461 slsis.
564 1394 666 1462 Amen
682 1393 747 1464 dico
760 1391 866 1470 vebis.
889 1396 965 1490 pesa
984 1393 1178 1464 tolerabilius
1198 1396 1263 1462 erit
1286 1407 1379 1462 terre

316 1491 516 1562 Sodomorum
529 1488 568 1567 ss
586 1495 830 1564 Gomorreorum
847 1494 952 1562 indie
963 1494 1098 1590 judicii,
1117 1517 1209 1588 quam
1229 1493 1282 1560 illi
1296 1492 1379 1560 riai-

320 1596 398 1662 tari.
450 1589 613 1664 Volebat
630 1612 716 1686 ergo
740 1591 958 1686 prevenire,
986 1590 1157 1664 &lavare
1179 1591 1308 1682 pedes,
1332 1611 1380 1664 ne

322 1690 405 1781 quid
430 1687 527 1763 sorte
552 1692 711 1783 pulveris
731 1690 920 1783 resideret,
958 1692 1056 1782 quod
1076 1692 1119 1764 ad
1140 1689 1381 1764 testimonium

320 1788 576 1864 incredulitatis
591 1790 784 1885 excussum,
810 1789 928 1885 posset
941 1793 978 1863 in
993 1790 1049 1862 die
1059 1791 1182 1883 judicii
1193 1788 1379 1866 reservati.

320 1888 518 1981 Propterea
551 1911 637 1988 ergo
671 1891 759 1965 dicit
780 1889 915 1986 sapiens
945 1890 1156 1985 Abrabam,
1193 1893 1381 1988 Accipimur

321 2017 403 2088 eque
417 1989 455 2066 Θ
470 1991 626 2062 beentur
639 1995 724 2087 pedes
743 1991 849 2080 vestri.

399 2112 431 2181 3.
459 2089 529 2163 Sed
545 2092 730 2166 videamus
744 2093 839 2185 jam,
861 2091 945 2183 quid
962 2091 1069 2164 etiam
1081 2089 1118 2162 in
1133 2087 1383 2182 consequenti·

323 2192 390 2264 bus
409 2191 549 2263 dicitur.
605 2191 668 2288 lpse
685 2208 815 2286 aerem,
841 2191 978 2282 inquit,
1004 2191 1170 2262 Abrabam
1184 2192 1322 2285 adflabat
1340 2194 1384 2258 eie

318 2292 378 2382 sub
394 2291 510 2362 arsere.
564 2288 625 2364 Ad
645 2291 889 2385 huiuscemodi
910 2291 1133 2364 narrationes
1160 2285 1382 2370 circumcisas

325 2411 427 2462 aures
451 2391 671 2481 requirimus.
722 2391 854 2483 Neque
877 2391 972 2462 eninr
994 2387 1160 2462 summam
1177 2387 1384 2464 sollicitudi-

325 2512 409 2564 nem
429 2489 576 2583 Spiritui
592 2490 710 2565 sanslo
737 2489 838 2564 fuisse
856 2489 1073 2563 credendum
1092 2488 1166 2582 est,
1197 2504 1239 2562 ut
1257 2487 1384 2562 scribe·

324 2605 381 2663 ret
406 2590 443 2662 in
464 2591 561 2664 libris
587 2592 676 2686 legis
700 2591 760 2663 ubi
785 2589 895 2664 staret
918 2587 1109 2668 Abraham.
1162 2588 1260 2682 Quid
1289 2588 1385 2666 enlm

325 2713 383 2764 me
394 2690 512 2782 juvat,
523 2688 583 2781 qui
596 2690 681 2764 veni
696 2690 832 2782 audire,
849 2687 933 2781 quid
949 2686 1100 2781 Spiritus
1116 2685 1250 2760 sanstus
1262 2688 1383 2762 huma-

326 2812 412 2863 num
430 2790 561 2862 doceat
574 2811 705 2887 genus,
730 2788 939 2880 fraudere,
961 2787 1060 2879 quod
1075 2785 1254 2862 Abraham
1271 2785 1385 2860 stabat
1417 2808 1422 2815 ’

311 2889 389 2962 sub
412 2889 566 2963 arbore?
592 2891 661 2964 Sed
682 2889 890 2981 videamus,
917 2909 994 2980 qua
1013 2889 1089 2960 haec
1106 2887 1148 2962 fit
1165 2889 1297 2981 arbor,
1320 2885 1383 2972 sub

328 3012 396 3081 qua
419 2989 530 3062 stabat
552 2989 758 3084 Abraham,
794 2989 828 3062 δι
852 2989 1067 3064 convivium
1089 2986 1251 3060 Domino
1277 3001 1387 3076 atque

329 3089 479 3183 Angelis
513 3090 716 3164 exhibebat.
777 3088 841 3164 Sus
871 3089 1003 3178 arbore,
1039 3089 1187 3179 inquit,
1225 3089 1386 3184 Mambre.

326 3188 494 3263 Mambre
508 3190 544 3262 in
562 3189 682 3264 nostra
698 3189 819 3285 lingua
835 3191 1092 3282 interpretatur
1110 3186 1201 3262 visio
1218 3187 1294 3260 five
1307 3207 1389 3280 per·

277 3339 285 3350 -
327 3287 487 3383 spicacia.
538 3289 652 3363 Vides
672 3290 780 3380 qui&
800 3291 911 3382 qualis
928 3288 979 3363 est
993 3291 1121 3380 locus,
1155 3291 1191 3360 in
1213 3308 1287 3380 quo
1307 3287 1388 3360 De-

327 3390 443 3462 minus
461 3387 582 3484 potest
596 3391 728 3463 habere
743 3387 984 3468 convivium?
1016 3387 1223 3462 Deletlavit
1237 3408 1319 3460 eum
1333 3387 1387 3458 vi·

327 3487 378 3562 sro
395 3488 428 3560 δι
444 3487 659 3582 perspicacia
676 3488 841 3565 Abrahae.
866 3487 957 3564 Erat
971 3489 1065 3564 enim
1079 3487 1232 3562 mundus
1254 3488 1385 3577 corde,

327 3602 369 3660 ut
388 3585 505 3680 posset
522 3587 645 3663 videre
662 3589 792 3664 Deum.
830 3589 873 3664 In
892 3591 954 3663 tali
972 3610 1060 3684 ergo
1081 3591 1190 3681 loco,
1224 3586 1309 3660 &in
1325 3586 1388 3658 tali

329 3688 441 3761 corde
459 3688 578 3779 potest
593 3689 774 3762 Dominus
797 3711 876 3764 cum
896 3688 1043 3785 Angelis
1062 3687 1128 3762 suis
1143 3689 1277 3763 habere
1300 3706 1388 3759 con·

328 3787 479 3864 vivium.
504 3788 673 3880 Denique
689 3803 772 3864 ante
785 3789 976 3882 Prophetae
989 3787 1155 3862 videntes
1166 3790 1384 3862 dicebantur.

402 3909 437 3973 4.
465 3889 561 3979 Quid
580 3902 698 3963 autern
720 3889 806 3961 dicit
824 3887 1004 3962 Dominus
1021 3889 1064 3963 ad
1082 3883 1291 3962 Abraham?
1326 3888 1388 3957 Ubi

287 4057 292 4064 ,
327 3986 384 4082 efl,
408 3986 552 4080 inquit,
580 3987 659 4062 Sera
677 3986 863 4062 uxortua?
889 3985 943 4060 At
956 3987 1037 4063 ille:
1066 3991 1158 4078 Erre,
1184 3988 1253 4080 ait,
1284 3989 1321 4056 in
1342 4005 1389 4062 ta·

329 4085 502 4166 serenato.
562 4092 791 4172 Dextramem
814 4093 998 4184 Densum
1037 4091 1339 4192 linierat-vertigo
1352 4094 1399 4170 irs

1249 4201 1373 4278 tenpe-
1464 4233 1467 4238 .
