3417 4692
579 309 1127 482 suetonum,
1245 400 1355 478 'wi

241 505 247 516 ἱ
272 540 332 622 'in
351 539 425 616 hoc
439 535 573 615 scelere
587 540 739 636 primum
754 537 864 616 filium
885 481 1034 637 qenerat
1047 536 1280 637 pirameo
1294 542 1349 616 fo·
1411 519 1421 526 ’

292 642 350 731 lus
367 642 441 714 hoc
459 641 567 735 Judas
586 641 733 733 impiere
750 661 827 715 non
842 643 1000 733 poterit.
1051 641 1150 740 Quid
1165 627 1252 738 ergo
1268 639 1349 712 scri·

291 752 396 834 ptum
418 737 501 812 esti
533 739 648 828 Abiit,
674 741 813 833 inquit,
842 744 951 838 Judas
965 740 1008 812 ad
1026 740 1153 813 Scrrbds
1171 739 1210 816 (7
1234 743 1349 811 Phari·

239 871 243 876 ·
284 840 384 930 saeos,
408 837 447 916 (5
466 841 506 910 ad
526 841 711 933 Pontifices,
745 844 934 916 dicenseir:
965 842 1056 935 Quid
1076 842 1161 910 mihi
1178 842 1281 927 daris,
1307 838 1348 916 δ’

291 957 344 1032 ego
357 937 524 1009 vobiscum
539 942 685 1012 tradam?
709 938 877 1016 Nascitur
891 958 978 1036 ergo
996 959 1042 1012 ex
1055 938 1146 1033 Juda
1162 941 1347 1033 generatio

292 1036 401 1112 tertia
414 1037 447 1110 dr
462 1053 586 1129 quarta
605 1034 755 1131 peceati.
797 1036 847 1120 Et
860 1038 956 1112 hunc
974 1039 1137 1113 ordinem
1151 1039 1348 1132 deprehen·
1366 1038 1386 1092 ’-

290 1136 379 1210 dere
403 1138 546 1231 poteris
582 1137 687 1210 etiam
711 1140 749 1212 in
780 1137 921 1234 smgulie
954 1140 1151 1229 quibusque
1175 1141 1345 1231 peccatis.

291 1229 404 1309 Nunc
427 1229 518 1332 ergo¹
541 1236 721 1311 videamus
746 1235 937 1313 secundum
954 1237 1047 1311 hanc
1073 1258 1176 1328 quam
1195 1238 1347 1312 diximus

289 1338 530 1432 progeniem,
542 1336 728 1428 quomodo
744 1337 844 1410 Deus
860 1348 1156 1431 peccatapatrum
1172 1336 1296 1409 reddat
1308 1336 1362 1411 iu=

289 1431 409 1528 idios,
435 1436 472 1510 in
488 1437 628 1508 tertiam
651 1433 685 1509 dt
705 1443 868 1527 quartam
878 1437 1112 1532 progeniem,
1140 1435 1229 1509 &in
1247 1432 1346 1527 ipsos

290 1553 369 1605 uon
385 1534 510 1607 reddat
525 1549 653 1627 putres.
679 1536 780 1609 Nihil
792 1537 886 1612 enim
897 1536 942 1609 de
957 1535 1118 1629 patribus
1129 1534 1219 1607 dixit
1231 1534 1346 1611 Deus.

290 1630 469 1705 Diabolus
487 1654 573 1729 ergo
586 1637 646 1728 qui
655 1636 826 1728 peccandi
837 1637 908 1728 jam
921 1632 1068 1710 modum
1078 1635 1238 1724 excessit,
1254 1633 1346 1707 ficut

289 1728 474 1824 Propheta
493 1733 600 1827 dicit,
627 1735 924 1827 quemadmodum
943 1731 1192 1810 vestimentum
1214 1734 1252 1806 in
1270 1730 1346 1805 san·

290 1832 398 1927 guine
417 1849 646 1936 concretum,
671 1855 747 1906 non
766 1837 833 1908 erit
852 1834 1042 1925 mundum,
1067 1834 1117 1906 ita
1133 1830 1253 1925 &ipse
1267 1852 1346 1908 non

290 1930 520 2004 eritmundus
536 1933 571 2005 in
586 1934 658 2022 hoc
670 1930 816 2022 saeculo,
842 1956 959 2025 neque
975 1934 1168 2025 corripitur
1177 1951 1246 2028 pro
1262 1950 1348 2024 pee-

291 2044 397 2120 cat0,
423 2052 538 2122 neque
568 2028 782 2127 flagellatur:
809 2034 928 2106 omnia
959 2053 1111 2123 namque
1142 2032 1174 2103 ei
1204 2032 1346 2104 servata

287 2126 415 2200 suntin
427 2126 595 2207 futurum.
622 2132 857 2228 Unde&ipse
870 2131 981 2206 sciens
995 2133 1058 2204 sibi
1071 2129 1162 2203 istud
1174 2129 1346 2206 statutum

288 2238 429 2319 tempus
450 2228 519 2303 esse
533 2252 737 2325 poenarum,
764 2230 906 2305 dicebat
919 2232 963 2305 ad
976 2230 1226 2323 Salvatorem,
1251 2230 1363 2324 Quid.
1440 2283 1451 2298 r

289 2327 407 2423 venusi
419 2345 494 2401 ante
503 2347 619 2425 tempus
630 2347 770 2430 torquere
783 2338 859 2403 nor?
884 2330 981 2404 Dum
995 2350 1082 2427 ergo
1096 2329 1164 2403 stat
1173 2330 1232 2403 hic
1243 2349 1345 2404 mun-

291 2424 376 2519 dus,
412 2443 561 2520 peccata
580 2428 640 2503 sua
660 2452 736 2502 non
754 2430 884 2523 recipit
898 2430 1081 2520 diabolus,
1108 2429 1167 2520 qui
1188 2425 1238 2500 est
1259 2449 1358 2521 pec·.
1417 2474 1421 2479 -

288 2525 444 2599 cantium
461 2543 574 2619 pater.
625 2528 839 2601 Redduntur
853 2542 971 2601 autem
983 2529 1020 2599 in
1034 2523 1151 2619 filios,
1166 2526 1203 2598 id
1217 2524 1285 2620 est,
1303 2529 1344 2601 in

289 2643 356 2696 eos
375 2644 465 2714 quos
487 2625 610 2725 genuit
626 2647 690 2717 per
710 2641 909 2721 peccatum.
958 2624 1103 2698 Etenim
1121 2625 1285 2697 homines
1302 2626 1343 2700 in

289 2740 397 2812 carne
422 2725 526 2818 posrti
553 2726 795 2820 corripiuntur
820 2751 840 2798 a
866 2725 1048 2818 Domino,
1075 2725 1340 2818 verberantur,
1474 2725 1477 2730 ’

286 2820 521 2916 flagellantur.
570 2820 662 2897 Non
686 2827 778 2898 enim
791 2825 873 2899 vult
887 2823 1065 2898 Dominus
1087 2835 1243 2896 mortem
1258 2820 1344 2915 pec'·

290 2921 445 3017 catoris,
470 2918 528 2995 se'd
547 2935 589 2995 ut
610 2939 838 3017 revertatur,
866 2924 1031 2998 &vivat
1081 2920 1132 2999 Et
1146 2937 1342 3015 propterea

286 3020 461 3114 benignus
473 3019 713 3096 &misericors
728 3024 906 3097 Dominus
919 3022 1035 3097 reddit
1044 3036 1360 3115 peccatapatrum-

287 3122 327 3206 in
342 3115 455 3213 filios,
481 3135 522 3193 ut
536 3124 705 3213 quoniam
724 3139 866 3217 patres,
891 3123 928 3195 id
950 3120 1022 3213 est,
1049 3122 1211 3195 diabolus
1230 3120 1264 3194 u
1280 3141 1341 3194 en-

262 3262 264 3265 >
287 3219 358 3317 geli
376 3221 483 3312 ejus,
499 3222 688 3316 caeterique
710 3224 890 3316 principer
909 3220 1029 3295 mundi
1048 3221 1151 3311 hujus
1171 3219 1205 3292 dr
1223 3218 1341 3293 tedio·

283 3340 344 3393 rea
359 3322 585 3412 tenebrarum
601 3322 723 3395 harum
746 3320 878 3417 (&ips1
896 3323 989 3395 eninr
1007 3320 1206 3395 efficiuntur
1220 3334 1341 3412 patrer

284 3422 446 3516 peccati,
471 3420 561 3504 sicut
574 3419 608 3492 dr
621 3419 805 3517 diabolus)
821 3421 1007 3513 quoniam,
1032 3422 1194 3511 inquam,
1219 3434 1339 3511 patres

285 3515 342 3592 isti
358 3517 492 3615 indigni
509 3518 610 3611 sunt,
637 3520 745 3612 quiin
758 3516 919 3615 praesenti
938 3517 1065 3592 saeculo
1084 3519 1338 3613 corripiantur,

285 3618 346 3693 sed
359 3618 539 3695 insuturo
559 3622 757 3713 recipient,
784 3641 861 3711 quae
880 3633 1091 3711 merentur,
1108 3611 1171 3692 filii
1190 3638 1338 3709 eorum,

283 3718 324 3804 id
339 3718 410 3813 est,
438 3739 528 3810 quos
543 3740 694 3813 peccare
710 3714 961 3813 persuaserint,
988 3717 1091 3809 &qui
1107 3716 1338 3792 nihilominus

284 3837 352 3912 Pet
368 3815 462 3912 ipsos
480 3818 600 3892 adsciti
618 3818 750 3893 suerint
765 3816 808 3893 ad
824 3816 1046 3891 consortium
1058 3815 1337 3905 societatemque

283 3917 447 4013 peccati,
473 3915 532 3990 hic
548 3920 721 4013 recipiant
738 3938 814 4011 quae
831 3913 1032 4012 gesserunt:
1057 3930 1099 3990 ut
1113 3915 1337 4010 purgatiores

286 4016 332 4092 ad
357 4011 516 4091 futurum
538 4014 700 4095 seculum
722 4027 873 4116 pergant
920 4016 1065 4108 &ultra
1083 4014 1228 4092 diabolo
1248 4009 1337 4088 socii
1363 4097 1366 4102 ,

336 4120 483 4216 origenis
509 4113 597 4193 rom.
627 4119 670 4193 V.
865 4143 868 4150 “
916 4137 938 4194 e
1211 4130 1290 4186 nou
1437 4122 1443 4141 ¹
