3417 4692
455 379 523 458 m
549 307 835 458 orursrn
857 321 1136 494 nouitio
1159 373 1222 460 nt.
1297 301 1370 480 ’,η

307 543 431 621 miffio.
456 541 700 638 tinnovero,
723 557 767 618 ut
783 539 990 618 ostenderet
1004 561 1088 618 eum
1100 544 1215 636 primo
1231 551 1372 638 patrem

307 643 469 719 futurum
480 665 626 737 eorum,
644 646 703 736 qui
714 642 905 717 secundum
917 663 1059 717 carnem
1074 645 1266 718 circumcisi
1276 644 1372 735 lunt,
1448 661 1451 670 ·

310 745 586 820 circumcisionis
603 744 670 816 sure
685 758 850 837 tempore
867 744 970 816 datur
981 745 1015 818 ei
1029 745 1272 838 repromillio,
1292 761 1372 838 quo

309 845 354 918 ed
367 845 541 938 populum
559 843 834 918 circumcifionis
854 844 1033 936 pertinere
1051 843 1211 918 deberet
1236 845 1370 920 Secun-

309 945 383 1036 do,
403 947 485 1036 quia
502 960 604 1037 pater
618 942 854 1016 elietfuturus
867 944 973 1015 eriam
986 959 1134 1034 eorum,
1160 944 1220 1035 qui
1236 965 1281 1018 ex
1296 940 1372 1018 fido

310 1042 413 1135 sunt,
440 1044 475 1116 &
495 1045 555 1135 qui
574 1043 848 1139 perpaffionem
872 1037 999 1114 Christi
1020 1043 1174 1114 veniunt
1195 1042 1239 1115 ad
1260 1047 1371 1120 haere-

311 1141 482 1235 diuitem,
514 1157 680 1236 tempore
698 1142 930 1216 nihilominus
951 1137 1113 1234 pollionis
1132 1140 1252 1235 isaac,
1285 1164 1371 1237 pro·

311 1239 421 1318 millio
439 1258 667 1335 renovatur,
694 1264 771 1334 quae
796 1241 1129 1335 pertineredebeat
1146 1243 1188 1314 ad
1206 1263 1286 1322 eum
1304 1265 1372 1335 po·

311 1344 457 1438 pulum,
493 1344 553 1433 qui
574 1341 729 1435 pullione
755 1341 884 1415 Christi
913 1361 955 1414 rc
978 1340 1234 1414 resurreetione
1259 1341 1371 1416 salro-

311 1456 381 1516 tur.
432 1439 482 1513 Et
506 1443 628 1515 eadem
650 1444 791 1533 quidem
811 1441 930 1533 repeti
947 1441 1145 1533 videntur,
1179 1439 1239 1515 sed
1258 1441 1372 1538 longe
1475 1515 1478 1520 .

311 1537 449 1614 diversa
465 1540 554 1613 sunt.
606 1541 670 1614 Illa
687 1544 800 1632 enim,
828 1563 905 1631 quae
918 1542 1017 1633 prius
1037 1539 1128 1612 dieta
1143 1538 1247 1632 sunt,
1273 1542 1307 1615 ot
1324 1541 1370 1618 td

310 1641 469 1736 priorem
487 1643 662 1737 populum
681 1643 886 1734 pertinent,
910 1639 949 1712 in
967 1641 1072 1712 terris
1087 1633 1178 1712 dicta
1194 1639 1285 1716 tunt.
1310 1637 1371 1716 Sir
1455 1671 1475 1686 .

312 1740 407 1812 eninr
430 1739 517 1812 dicit
542 1740 735 1834 scriptura:
764 1742 810 1812 Et
829 1744 944 1811 eduxit
962 1763 1028 1810 eum
1043 1741 1160 1832 soros,
1187 1739 1232 1815 de
1251 1743 1372 1815 taber.-

307 1839 440 1912 noculo
460 1840 612 1933 scilicet,
639 1839 678 1916 ὕ
693 1842 780 1913 dixu
798 1848 845 1912 ri:
872 1843 995 1936 Respice
1011 1840 1112 1934 ficiat
1127 1845 1212 1931 reli,
1232 1842 1368 1935 fidinrr·

312 1944 430 2011 merari
444 1936 570 2036 poffimr
589 1966 609 2011 a
628 1941 850 2017 multitudine.
902 1933 951 2011 Et
972 1933 1132 2012 addidit:
1166 1944 1223 2012 Sic
1243 1946 1307 2012 mir
1322 1939 1373 2031 se·

310 2064 382 2109 men
400 2058 498 2118 ruam.
546 2037 622 2114 Ubi
637 2052 756 2115 autem
772 2040 929 2113 secundo
942 2040 1120 2137 repetitur
1132 2038 1370 2137 repromiffio,

304 2138 489 2235 deligunt,
520 2142 601 2234 quia
619 2143 790 2232 loquutus
806 2141 857 2214 est
874 2142 907 2213 ei
930 2137 974 2213 de
996 2139 1089 2212 coelo
1112 2139 1267 2214 &datur
1286 2162 1371 2236 pro÷

310 2238 421 2312 miffio
447 2239 492 2311 de
517 2254 612 2312 terra
636 2241 776 2334 prima,
810 2238 961 2313 secunda
994 2239 1038 2313 de
1069 2242 1175 2316 coelo.
1230 2237 1371 2318 Nonne

311 2352 435 2429 aperte
460 2337 519 2412 hic
535 2337 624 2412 illud
649 2339 827 2436 deflgnare
848 2339 1021 2433 videtur,
1047 2340 1146 2432 quod
1170 2340 1371 2434 Apostolus

312 2436 417 2511 dicit:
446 2442 571 2514 Primus
590 2441 679 2510 honlo
703 2447 738 2510 de
755 2454 843 2511 terro
864 2457 1032 2532 terrenus,
1058 2441 1208 2528 secuodos
1231 2446 1319 2512 immo
1335 2445 1373 2516 de

308 2539 377 2607 coeio
392 2533 538 2635 coeieflis?
562 2534 629 2636 Ista
643 2555 730 2644 ergo
750 2537 956 2632 promiffrO,
984 2558 1061 2630 quae
1082 2537 1125 2611 ad
1141 2536 1283 2612 fidelem
1303 2560 1371 2633 po.-

309 2637 432 2730 pulum
448 2642 628 2731 pertinet,
666 2639 711 2710 de
730 2637 823 2711 coelo
844 2637 917 2732 est,
942 2636 1004 2710 illa
1022 2637 1066 2710 de
1091 2654 1197 2714 terra.
1247 2640 1288 2711 ln
1308 2642 1370 2716 ille

310 2733 427 2812 sermo
449 2733 702 2813 tantummodo
719 2735 811 2829 luit,
843 2737 903 2811 hic
927 2736 1173 2836 interponitur
1194 2734 1373 2829 jusjurana

312 2834 418 2927 dum,
441 2839 538 2929 quod
549 2832 805 2932 interpretatur
817 2836 860 2910 ad
874 2833 1048 2910 Hebraeos
1063 2831 1217 2910 scribens
1233 2831 1371 2914 tanum

312 2934 511 3028 Apostolus
534 2939 607 3011 hoc
629 2937 741 3011 modo
759 2937 913 3012 'dicensz
944 2940 1083 3025 Volero,
1108 2937 1253 3029 inquit,
1280 2938 1372 3010 Dour

312 3035 462 3131 ostendere
470 3040 714 3134 pollicitationis
728 3041 899 3109 heredibus
915 3043 1163 3112 immobilitatem
1175 3039 1295 3127 ronfiiii
1305 3041 1372 3130 frti,
1472 3116 1475 3121 ,

311 3139 502 3232 interpositi
508 3139 748 3236 jusjurandum.
798 3136 848 3209 Et
859 3139 1009 3233 iterum,
1039 3141 1211 3225 Homines,
1236 3136 1370 3234 inquit,
1447 3189 1454 3200 „

309 3252 368 3330 per
380 3241 526 3335 majorem
540 3241 591 3325 [ui
597 3243 734 3334 jurant,
763 3242 850 3309 Deus
868 3257 972 3310 autem
982 3245 1131 3336 quoniam
1144 3242 1301 3308 neminem
1311 3241 1371 3310 lm·

313 3333 400 3424 tuit,
423 3358 477 3430 ter
492 3363 581 3436 quem
587 3344 718 3434 juraret
732 3343 895 3434 majorem,
916 3361 973 3435 per
990 3342 1199 3432 memetipsum
1206 3342 1302 3435 juro,
1322 3342 1374 3409 tria

309 3438 354 3504 eir
374 3436 541 3509 Dominus.
591 3433 682 3520 Non
698 3436 796 3529 quod
812 3439 933 3512 Deum
944 3438 1169 3533 piriejurandi
1188 3438 1372 3514 necemus

310 3548 468 3632 urgeret.
533 3536 625 3634 Quis
652 3540 746 3610 enim
769 3539 812 3610 ab
831 3559 877 3610 eo
903 3540 1067 3634 exigeret
1087 3535 1372 3612 sacramentum!

312 3632 382 3708 Sed
400 3635 489 3710 licut
500 3639 755 3730 interpretatus
768 3636 825 3709 est
843 3636 1026 3730 apostolus
1040 3638 1188 3730 Paulus,
1215 3658 1289 3729 quo
1305 3654 1373 3729 pet

312 3733 387 3808 hoc
404 3736 690 3813 immobilitatem
710 3734 845 3809 consilii
868 3735 917 3808 sui
938 3738 1138 3810 cultoribus
1161 3738 1369 3832 defignaret.

312 3834 420 3909 Sic&
440 3837 523 3911 alibi
540 3855 607 3931 per
622 3838 837 3932 prophetam
853 3837 1003 3910 dicitur:
1033 3842 1174 3935 Juravst
1192 3840 1371 3924 Dinonis,
1483 3869 1484 3878 r

313 3959 367 4007 trec
377 3942 542 4033 poenitebit
555 3943 640 4023 eum,
667 3953 705 4010 tu
725 3961 755 4007 or
772 3939 909 4022 sacerdos
923 3963 961 4006 m
973 3956 1125 4024 eternum
1135 3939 1305 4025 seeundum
1319 3958 1373 4008 or·

311 4038 417 4110 dinem
434 4038 672 4128 Melchisedech,
721 4029 829 4110 Tunc
847 4035 976 4112 deinde
990 4040 1030 4112 in
1047 4038 1160 4133 prima
1180 4029 1371 4206 repromiss

1235 4156 1334 4206 tone.
