3417 4692
372 377 444 475 2'76
493 319 517 460 s
567 353 608 408 ’-
697 341 1103 453 oeternis

246 535 249 552 ”
368 541 536 639 'gelornm
560 533 723 611 statuitur
747 517 995 635 principetur,
1028 558 1109 630 pars
1138 548 1256 610 autem
1277 532 1429 609 Domini

373 655 462 738 gens
482 636 633 711 efficitur
650 636 765 711 lsrael.
851 647 853 652 “

449 759 481 830 3.
507 735 592 810 Post
610 736 686 809 haec
703 733 870 828 sequitur.
926 738 1166 823 Venetorum,
1192 733 1327 826 inquit,
1361 732 1431 805 AE·

246 837 249 846 ’
294 923 298 930 .
366 842 470 932 gyptir'
502 852 619 908 terram
648 835 738 923 suam
768 838 946 925 Pharaoni,
972 839 1113 908 obtinuit
1137 844 1222 905 euim
1246 862 1292 904 eos
1311 835 1430 927 fames.

371 934 607 1027 vituperatio
622 936 706 1009 mihi
723 936 914 1009 videtur&
928 933 1315 1031 inhocAEgyptiorum
1340 953 1428 1004 cou-

370 1035 490 1109 tlneri.
538 1031 629 1107 Non
655 1035 747 1108 enim
770 1036 874 1110 facile
894 1035 938 1107 de
953 1037 1114 1109 Hebraeis
1138 1032 1304 1126 scriptum
1326 1033 1430 1105 inve-

369 1135 471 1227 nies,
498 1134 579 1224 quia
597 1135 755 1206 obtinuit
770 1155 835 1207 eos
852 1134 973 1209 fames.
1024 1136 1130 1208 Licet
1151 1137 1242 1206 enim
1259 1133 1430 1226 scriptum

248 1251 251 1258 ·
368 1233 435 1327 fit,
471 1233 570 1325 quod
588 1234 739 1306 invaluit
762 1234 872 1307 fames
897 1230 1170 1327 superterram,
1205 1245 1429 1304 nontamen

369 1330 637 1426 scriptumest,
664 1332 762 1423 quod
783 1334 943 1406 obtinuit
963 1332 1073 1407 fames
1086 1333 1224 1426 Jacob,
1252 1345 1312 1403 aut
1329 1328 1428 1402 lilios

370 1430 573 1525 ejus‚s1cut
584 1430 629 1504 de
644 1430 825 1527 AEgyptiis
841 1432 985 1514 dicitur,
1003 1434 1100 1524 quod
1119 1429 1358 1504 obtinuit'eos
1376 1428 1430 1503 fa·

369 1551 458 1607 mes.
510 1532 684 1626 Quamvis
710 1533 802 1606 enim
822 1533 945 1606 veniat
964 1535 1071 1605 etiam
1091 1532 1134 1603 ad
1153 1530 1266 1623 justos
1290 1527 1427 1623 fames,

368 1650 447 1707 uon
470 1643 589 1704 tamen
613 1632 757 1704 obtinet
774 1653 862 1705 eos:
888 1645 1038 1728 propter
1056 1630 1154 1723 quod
1176 1629 1210 1702 u
1230 1631 1429 1725 gloriantur

367 1728 410 1804 in
428 1750 490 1821 en,
516 1728 605 1802 sicut
619 1728 747 1802 Paulus
769 1730 955 1806 invenitur
974 1733 1128 1804 libenter
1148 1729 1291 1826 gloriari
1306 1728 1343 1799 in
1362 1727 1429 1800 hu·

366 1829 570 1923 juscemodi
582 1825 816 1925 pellionibus,
843 1851 925 1906 cum
940 1830 1044 1905 dicit:
1071 1829 1224 1922 infame,
1242 1828 1360 1923 oſsei,
1386 1822 1428 1903 ὅ

364 1930 507 2023 frigore,
533 1926 572 2004 (Ἰ
586 1933 747 2004 nuditate.
799 1931 912 2029 Quod
926 1951 1013 2026 ergo
1022 1929 1121 2022 justis
1135 1929 1344 2002 exercitium
1355 1926 1429 1999 vir·

353 2020 461 2100 'nitio
487 2025 562 2120 est,
593 2027 667 2100 hoe
689 2027 823 2121 injustis
843 2051 947 2122 poenn
971 2029 1109 2122 peccati
1140 2026 1202 2103 est.
1260 2026 1430 2117 Denique

371 2128 480 2200 etium
499 2123 656 2200 Abrnhoe
679 2129 902 2223 temporibus
927 2126 1190 2223 scriptumest,
1218 2127 1315 2220 quod
1332 2121 1429 2220 salia

370 2225 410 2324 qr
423 2225 523 2318 samu
538 2228 780 2322 superterram,
807 2227 845 2304 θ
859 2231 1011 2318 descendit
1024 2230 1185 2301 Abrabam
1199 2231 1236 2297 iu
1249 2229 1429 2321 AEgyprum

370 2326 516 2396 habitare
532 2327 597 2414 iti,
623 2334 772 2421 quoniam
792 2331 980 2400 invaluerat
987 2325 1090 2423 fames
1097 2328 1192 2423 super
1211 2344 1336 2397 terrum.
1375 2323 1426 2397 Et

370 2426 497 2515 utique
516 2423 542 2496 fi
560 2420 623 2520 (ut
636 2426 774 2517 quidam
789 2426 936 2526 putant)
957 2427 1144 2501 incaute&
1162 2426 1324 2518 imperite
1341 2422 1428 2496 eliet

371 2521 489 2597 lbrmo
505 2520 685 2616 scripnuae
702 2527 831 2600 divinae
845 2528 1083 2622 compositus,
1109 2536 1279 2620 potuerat
1291 2523 1427 2619 dicore,

374 2623 473 2715 quod
498 2622 679 2697 descendit
699 2622 878 2701 Abraham
897 2629 933 2699 in
954 2625 1151 2724 AEgyptum
1170 2626 1329 2697 habitare
1353 2621 1427 2717 ibi,

262 2735 272 2746 ·’
373 2723 778 2818 quiaiuvalueratsuper
792 2709 872 2799 euin
890 2726 1012 2802 fames.
1039 2725 1107 2799 Sed
1120 2724 1280 2804 intuere,
1295 2734 1428 2814 quauta

373 2820 596 2912 distinetione
621 2838 742 2895 utatur
773 2823 889 2899 sermo
916 2826 1078 2917 divinus,
1112 2839 1243 2915 quanta
1276 2822 1426 2898 cautela.

373 2920 465 2994 Cum
487 2919 531 2993 d'e
555 2920 677 2995 inuitis
701 2923 833 3016 refert,
859 2924 987 2999 famem
1012 2925 1099 2996 dicit
1122 2919 1306 2995 invaluille
1324 2919 1428 3013 super

279 3058 284 3074 ι
337 3032 342 3039 ’
372 3033 525 3110 terram3
552 3042 631 3094 cum
653 3025 697 3095 de
716 3023 873 3117 injustis,
909 3023 1002 3117 ipsos
1022 3023 1114 3096 fame
1132 3023 1219 3094 dicit
1239 3022 1426 3095 obtentos.

372 3118 505 3212 Neque
521 3141 607 3218 ergo
617 3119 798 3197 Abraham
807 3159 822 3215 ,·
846 3124 1104 3218 nequeJacob,
1131 3141 1248 3213 neque
1258 3117 1352 3191 filios
1363 3139 1427 3191 eo·

373 3239 452 3291 rum
473 3222 617 3292 obtinet
636 3220 756 3297 fames.
809 3221 878 3296 Sed
901 3222 1210 3314 &srinvalescnt,
1238 3219 1339 3311 super
1356 3233 1429 3291 ter·

373 3338 447 3391 ram
474 3318 602 3389 dicitnr
618 3320 845 3396 invalescere.
896 3321 945 3394 Et
970 3323 1193 3415 temporibus
1214 3317 1307 3392 Isaac
1326 3318 1429 3390 nihil·

376 3419 517 3490 ominus
537 3416 702 3512 scriptum
720 3419 790 3514 est,
817 3423 899 3513 qnia
913 3422 1006 3513 futla
1021 3425 1061 3518 eli
1072 3422 1176 3513 fames
1187 3419 1428 3515 superterram,

369 3533 485 3618 puter
518 3519 601 3587 iilam
630 3518 749 3611 samem
777 3527 932 3617 priorem,
957 3547 1025 3614 qua
1046 3520 1141 3614 fatie
1177 3520 1215 3617 efi
1247 3517 1431 3613 temporibus

375 3618 523 3690 Almia.
573 3618 754 3692 intantum
769 3634 974 3694 autemnon
995 3618 1115 3713 potest
1136 3621 1302 3691 obtinere
1316 3618 1429 3691 fames

374 3713 489 3808 lianc,
516 3728 558 3787 ut
577 3719 673 3791 dicat
692 3720 734 3791 ad
757 3718 837 3793 eum
861 3719 1063 3794 Dominus:
1084 3722 1174 3792 Nou
1195 3721 1366 3802 descendere
1390 3724 1428 3789 lu

376 3817 429 3888 AE
446 3835 570 3911 uptam,
596 3821 644 3900 leri
656 3821 765 3889 habitu
780 3825 816 3890 iu
833 3838 938 3901 terro,
951 3843 1164 3918 quamcunque
1182 3822 1335 3915 ostendero
1348 3818 1429 3907 rili,

375 3914 416 3990 U
429 3923 464 3986 iu
481 3942 515 3985 eu
530 3918 656 3989 habita.
686 3917 725 3994 di
749 3944 796 4011 ego
813 3944 862 3990 tro
878 3939 987 3991 tecum.
1039 3919 1239 3992 Secundum
1254 3919 1347 3991 hanc
1364 3914 1427 4012 (ut

374 4014 551 4115 arbitror)
572 4016 834 4095 observantium
851 4021 961 4120 longe
977 4018 1059 4117 post
1075 4019 1138 4094 istu
1155 4035 1320 4190 temporln
1343 4037 1428 4113 pro·

445 4147 453 4156 ·
514 4135 516 4140 ·
906 4133 910 4142 ·
1267 4139 1290 4212 p
1319 4131 1378 4191 eta
