3417 4692
237 337 245 416 l
349 322 838 430 conmrnrnttm
863 343 929 426 rn
954 339 1248 426 ornnsrnt
1296 369 1346 448 o

238 515 240 522 '
281 516 516 609 vulneribus,
541 512 724 609 postremo
747 512 812 586 vix
830 526 939 587 natos
958 512 1181 606 medicorum
1201 529 1280 589 erte
1300 534 1345 592 ae
1442 549 1449 568 ι

281 614 647 709 manibur'indigere3
672 611 863 688 lsmrelitas
888 627 1016 686 eontra
1043 633 1135 707 eor,
1161 615 1233 706 ,qni
1253 613 1346 690 Ara·

282 717 379 789 biam
393 729 535 805 tenent,
563 734 609 784 eo
624 713 690 786 situ
705 714 743 785 in
756 715 873 785 lucem
888 713 958 803 edi,
984 727 1026 784 ut
1039 718 1164 788 omnes
1179 718 1273 787 circa
1284 737 1345 792 an·

254 811 257 818 “
284 837 370 887 num
385 817 561 902 decimum
577 815 723 885 tertium
738 812 943 904 circumcidi
957 809 1094 887 necesse
1112 815 1164 890 fit
1190 812 1231 888 ld
1250 818 1359 911 enim,

238 963 240 980 .
284 916 357 987 hoc
383 913 428 986 de
454 912 639 985 hominum
665 933 794 1007 genere
825 928 1119 1008 commemorent.
1168 912 1345 990 Praeterea

238 991 240 1106 l
285 1014 342 1104 qui
358 1008 445 1101 fiat,
471 1026 513 1083 ut
529 1013 636 1082 certis
656 1011 858 1102 quibusdam
874 1010 965 1104 apud
981 1013 1178 1086 nonnullos
1198 1009 1345 1090 AEthio·

238 1115 242 1226 ι
284 1114 349 1206 piae
370 1113 530 1205 populor
549 1131 704 1206 genuum
725 1111 890 1204 patellae,
916 1110 1161 1185 Amazonibus
1181 1135 1348 1190 mamma·

239 1237 241 1254 ¹
285 1233 361 1286 rum
387 1212 499 1284 altera
527 1209 717 1285 resecetur.
777 1210 981 1305 Quomodo
1004 1212 1099 1294 enim
1128 1211 1205 1285 haec
1236 1216 1347 1290 certit

286 1312 473 1384 dumtavat
491 1312 527 1383 in
546 1310 711 1407 gentibus
732 1307 882 1383 siderum
904 1312 960 1384 tir
983 1305 1136 1392 efficiat?
1169 1308 1347 1404 Equidem

238 1497 240 1504 ¹
284 1410 328 1485 fic
348 1408 539 1504 existimo,
571 1408 596 1483 sl
617 1408 905 1503 adtenderimus,
933 1411 1011 1482 veri
1029 1410 1117 1485 nibil
1135 1412 1210 1485 hoc
1228 1414 1266 1486 in
1286 1434 1347 1512 ge·

238 1513 239 1570 ἰ
285 1529 398 1603 nere,
425 1509 461 1582 in
488 1532 560 1601 quo
586 1510 647 1581 vel
671 1508 803 1582 leviter
826 1510 961 1583 haerere
985 1510 1116 1603 liceat,
1147 1514 1350 1610 excogitari

238 1611 240 1706 p
286 1609 454 1702 anobis,
468 1607 651 1701 'allerique
665 1607 777 1703 polle.
828 1604 1006 1682 Caeterum
1026 1630 1107 1685 cum
1133 1624 1206 1685 tam
1225 1616 1347 1690 multe

238 1735 239 1742 ¹
285 1708 527 1803 praenoscendi
542 1722 635 1795 artes
655 1707 974 1801 circumferantur,
999 1729 1076 1782 non
1095 1708 1206 1784 video
1225 1731 1345 1805 quam·

286 1810 411 1882 obrem
428 1812 465 1881 in
487 1807 523 1880 id
543 1807 755 1901 potiflimum
773 1808 938 1883 homines
953 1810 1188 1906 impegerint,
1212 1824 1255 1886 ut
1269 1812 1346 1885 Au·

283 1910 395 2005 gurali
419 1907 453 1980 dt
479 1907 719 2001 Haruspicinae
743 1919 850 2000 atque
874 1906 1048 1995 astrorum
1067 1909 1347 2000 considerationi

284 2005 457 2081 efficiendi
481 2008 556 2080 vim
581 2020 778 2103 negarent,
804 2002 1019 2104 significandi
1045 2021 1186 2086 tantum
1214 2032 1345 2086 conce·

285 2108 433 2191 terent,
454 2106 548 2180 idem
564 2120 683 2180 tamen
699 2106 744 2181 de
757 2111 823 2200 ea,
838 2107 963 2199 quein
976 2108 1220 2184 natalitiorum
1232 2110 1346 2188 confi·

238 2197 244 2298 ᾗ
287 2206 476 2280 deratione
498 2203 684 2299 versatur,
711 2228 787 2279 non
807 2205 970 2281 sentiant.
1021 2205 1156 2282 Namsr
1173 2210 1362 2307 cognosci*
1417 2210 1420 2214 ’

284 2306 405 2379 sutura
419 2304 563 2399 possunt
576 2302 670 2401 (hoc
686 2309 780 2381 enim
794 2308 830 2378 in
842 2306 1026 2398 praesentia
1041 2307 1218 2407 demum)
1233 2312 1344 2387 idem·

284 2428 363 2497 que
371 2404 589 2501 cognitionis
605 2405 750 2479 illorum
767 2404 818 2480 est
832 2403 1099 2499 effectionisque
1111 2409 1345 2505 principiumr
1419 2489 1425 2502 ,

285 2524 348 2578 cor
361 2506 400 2577 in
413 2504 527 2578 stellas
540 2506 683 2600 potius,
709 2508 981 2601 quaminaves,
1009 2527 1135 2581 eorum
1148 2506 1345 2607 quaefiunt,

285 2601 389 2678 causa
416 2602 662 2677 conferatur?
699 2603 762 2677 vel
789 2626 853 2677 cur
879 2608 1004 2693 avibus
1038 2606 1161 2680 eadem
1189 2611 1345 2705 potius,

284 2710 390 2797 qua'm
411 2717 472 2775 aut
488 2702 708 2777 victimarum
725 2704 838 2797 extis,
874 2720 936 2779 aut
955 2705 1232 2784 discurrentibus
1247 2708 1347 2786 astris

286 2801 504 2900 affigneturt
530 2800 711 2877 Haiienur
732 2804 873 2895 quidem
897 2801 1068 2898 anobis,
1094 2820 1263 2897 quantum
1284 2810 1347 2883 hic

283 2906 391 2976 locus
418 2899 641 2996 postulabat,
670 2901 859 2976 confutata
884 2905 945 2977 illa
964 2901 1140 2980 sententia
1162 2905 1233 2999 est,
1268 2927 1347 2999 qun

282 3022 406 3175 Rerum
429 3002 661 3076 humanarum
690 2999 919 3079 effectionem
948 3004 1157 3088 asideribus
1187 3007 1348 3104 pendere
1396 3027 1424 3079 ·.

314 3102 473 3177 atuebat.
1265 3108 1280 3173 ’.

364 3220 419 3276 11.
448 3200 560 3300 Quod
577 3216 695 3276 autem
713 3202 823 3297 paulo
840 3217 948 3297 ante,
977 3224 1058 3277 cum
1073 3200 1241 3298 suscepte
1257 3204 1348 3282 nihil

284 3299 517 3394 disputationi
534 3299 717 3396 officeret,
743 3304 841 3376 ultro
857 3303 1108 3397 concedimus,
1135 3304 1293 3378 coelestes
1306 3308 1348 3381 il·-

266 3399 336 3472 ΙΙιε
356 3399 580 3494 positiones,
613 3400 733 3499 figna,
762 3401 858 3476 &ea
883 3424 1036 3496 quorum
1053 3403 1147 3498 srgna
1166 3402 1269 3497 sunt,
1296 3405 1347 3492 fa,-

285 3499 431 3573 cultatis
451 3501 614 3575 humanae
633 3502 771 3575 viribus
791 3502 941 3599 intelligi
966 3499 1087 3596 polle:
1112 3502 1149 3578 id
1173 3523 1349 3590 verumne

283 3597 348 3692 lit,
364 3619 459 3672 nunc
475 3599 614 3673 demum
628 3601 864 3693 exquiramus.
896 3602 1049 3676 Primum
1063 3602 1170 3701 igitur
1181 3607 1265 3678 artis
1278 3601 1349 3696 ,huk
1436 3667 1440 3674 ,

281 3696 340 3789 jus
356 3697 516 3796 Magistri
541 3700 699 3795 docent,
727 3702 788 3793 qui
811 3701 854 3774 ad
877 3723 1000 3775 veram
1021 3721 1063 3775 ac
1083 3699 1276 3797 perfodiam
1292 3722 1350 3777 re·

284 3818 363 3871 rum
382 3798 684 3895 genethliacarum
709 3802 958 3896 cognitionem
978 3800 1128 3896 aspiret,
1152 3803 1350 3879 tenendum

283 3894 369 3970 huic
380 3896 449 3971 elle
466 3919 542 3987 non
557 3900 690 3994 modo,
705 3909 857 3991 quanam
872 3902 909 3974 in
923 3916 1025 3994 parte
1037 3899 1271 3998 duodecima,
1290 3900 1351 3980 set
1370 3911 1379 3945 ³·

284 3996 393 4073 etiam
419 4018 569 4091 quanam
586 3998 634 4072 in
650 3999 756 4073 illius
784 3999 1008 4077 duodecime
1035 4002 1246 4096 particula,¹
1273 4003 1349 4106 imo

340 4122 378 4156 υ
1189 4120 1316 4198 ecqua
