3417 4692
372 375 418 456 s
575 368 1068 450 INEXODUM.
1279 397 1349 468 431
1462 473 1465 480 Ι

238 560 242 608 l
275 545 358 622 'rm
383 535 423 613 d
436 560 493 608 mc
504 536 681 630 firreversa
695 561 745 622 es,
771 538 848 607 dicit
867 539 1035 614 Dominus.
1060 535 1132 610 Hic
1148 554 1236 632 ergo
1253 531 1354 610 Deus

237 659 243 710 r
288 639 410 713 zelans
432 638 455 711 si
473 635 624 728 requirit
643 636 676 709 dt
698 635 871 709 desiderat
891 635 1038 709 animum
1057 652 1154 711 tuam
1176 637 1355 710 adhaerere

238 745 243 808 l
289 737 383 827 fibi,
403 738 442 809 st
468 752 509 809 te
535 731 656 810 servat
679 756 700 809 a
720 748 904 829 peccatu,
938 736 962 810 fi
993 738 1168 829 corripit,
1203 738 1225 808 s
1257 734 1355 807 casti-

237 859 244 912 ι
290 852 379 934 gat,
406 836 428 910 sr
454 836 677 933 indignatur,
713 836 737 908 b
759 834 941 925 irascitur,
969 835 1002 908 ἂ
1029 835 1130 908 velut
1152 835 1359 928 zelotyptia-

237 959 244 1012 t
291 936 441 1028 quadam
467 953 550 1032 erga
575 947 613 1009 te
636 937 768 1027 utitur,
795 934 889 1028 spem
916 932 980 1008 tibi
1005 930 1074 1008 else
1093 930 1211 1009 salutis
1233 933 1355 1026 agnos·

237 1057 243 1110 t
292 1057 345 1123 ce.
365 1049 375 1094 ·-
396 1035 432 1109 Si
449 1053 543 1108 vero
555 1029 740 1132 castigatus
758 1056 833 1107 non
850 1032 1042 1130 resipiscis,
1069 1050 1258 1126 correptus
1275 1055 1354 1108 non

238 1157 243 1212 ι
290 1135 517 1229 emendmir,
557 1134 771 1209 verberatus
804 1134 1036 1221 contennb3
1069 1133 1159 1208 scito
1193 1136 1290 1225 quod
1325 1134 1352 1208 si

237 1259 242 1312 ι
289 1232 447 1327 eousque
478 1230 666 1327 peccando
699 1229 922 1328 profeceris,
956 1233 1103 1307 discedit
1135 1254 1154 1306 a
1185 1246 1223 1308 te
1251 1234 1351 1306 zelus

237 1343 241 1410 l
287 1336 385 1427 eius,
411 1329 806 1425 &dicetuutibiillud,
833 1335 931 1426 quod
944 1352 1009 1427 per
1022 1334 1248 1407 tzecbielem
1266 1332 1353 1406 Pro·

237 1460 241 1510 1
285 1433 496 1529 phetam-ad
517 1431 737 1507 Hierusalem
755 1431 906 1507 dicitur:
934 1439 1101 1530 Propterea
1121 1434 1351 1519 dilcederzeius

237 1561 240 1611 l
286 1550 467 1617 meusare,
493 1528 615 1610 &uon
629 1536 746 1624 irascar
762 1536 851 1608 ultra
861 1535 955 1628 super
968 1552 1010 1612 re.
1046 1530 1351 1610 Videmisericor-

238 1646 240 1690 ³
287 1634 378 1707 dium
397 1633 431 1706 dr
453 1634 624 1727 pietatem
647 1633 737 1709 boni
758 1630 841 1707 Dei.
893 1632 1051 1733 Quando
1071 1637 1152 1705 vult
1171 1633 1349 1727 misereri,

286 1734 459 1832 indignari
477 1732 512 1806 se
534 1733 642 1827 dicit,
668 1728 842 1824 &irasci,
869 1733 958 1805 ficut
979 1752 1043 1827 per
1067 1734 1280 1807 Hieremiam
1300 1733 1351 1805 di-

287 1834 357 1907 cit:
387 1835 502 1904 Dolore
518 1828 566 1909 (5.
576 1835 694 1927 siagrio
711 1834 902 1931 castigaberis
923 1836 1140 1919 Hierusalem,
1165 1843 1216 1904 uri
1239 1859 1279 1903 ne
1300 1834 1362 1904 ub»
1403 1853 1407 1862 '

278 1933 385 2023 [ceum
404 1939 514 2003 anima
535 1958 601 2004 mea
620 1937 675 2003 abs
694 1948 734 2002 rr.
787 1928 914 2005 Haecsr
936 1931 1128 2027 intelligis,
1153 1928 1349 2008 miserantis
1376 1961 1379 1966 ’

286 2030 357 2104 Dei
374 2054 453 2104 vox
469 2031 542 2118 este
568 2033 629 2105 ubi
644 2029 804 2106 irascitur
820 2033 852 2105 b
870 2032 1028 2125 zelatur,
1060 2029 1109 2104 ibi
1126 2035 1271 2107 adhibet
1285 2031 1351 2106 do·

237 2179 241 2194 ·
284 2133 382 2205 lores
412 2130 635 2206 &verbero
693 2135 845 2226 Flageffnr
868 2134 962 2205 enim
994 2157 1113 2202 omnem
1129 2139 1237 2222 filium
1260 2140 1365 2226 nuem'

285 2237 406 2328 recipit.
456 2232 524 2305 Vis
546 2231 804 2306 autem‘audire
829 2231 1045 2328 indignantis
1065 2230 1134 2306 Dei
1155 2233 1350 2312 terribilem

283 2330 444 2405 vocem?
471 2333 567 2404 Audi
585 2330 684 2423 quod
703 2332 789 2405 dicit
807 2352 873 2424 per
886 2331 1132 2424 Prophetam3
1161 2342 1251 2407 cum'
1263 2353 1351 2412 enu-

282 2429 447 2504 metasset
462 2434 574 2505 multa
589 2430 743 2503 nefanda
759 2432 1074 2523 quae'cornmilerat
1088 2438 1263 2525 populus,
1290 2432 1349 2507 ad·

284 2530 337 2604 dit
350 2532 456 2602 etiam
477 2530 573 2601 haec:
603 2530 649 2601 Er
667 2548 792 2626 propter
805 2538 879 2614 boc,
904 2529 1039 2622 inquit,
1065 2556 1128 2600 unu
1151 2535 1279 2627 urftrubo
1290 2533 1348 2621 su·

283 2632 444 2727 prosilias
459 2654 527 2698 cum
544 2629 775 2719 fornicantur,
800 2651 899 2722 neque
910 2635 1008 2724 super
1029 2656 1130 2699 nurus
1152 2636 1267 2718 veliras
1280 2656 1350 2704 cuur

284 2731 491 2826 nouantur.
541 2725 627 2801 Hoc
646 2724 697 2800 est
715 2729 898 2820 terribile,
925 2729 999 2801 hoc
1016 2743 1239 2822 extremum,
1267 2749 1376 2814 cuni,
1467 2779 1470 2788 -

281 2829 441 2920 jamnon
459 2825 672 2920 corripimur
687 2848 756 2919 pro
777 2830 955 2922 peccatis,
980 2851 1058 2902 cum
1072 2831 1142 2920 iam
1170 2851 1244 2904 non
1267 2852 1348 2903 cor·

283 2929 431 3023 rigimur
445 2927 706 3018 delinquentes.
756 2923 866 3000 Tunc
880 2929 971 3001 enirn
997 2949 1076 3001 cum
1098 2930 1347 3005 excesserimus
1367 3003 1369 3007 ,

282 3028 456 3122 peccandi
477 3030 644 3116 modum,
670 3026 771 3099 Deus
789 3030 908 3100 zelans'
923 3029 1056 3100 avertit
1075 3032 1214 3110 anobis
1230 3031 1348 3107 zelum

283 3125 403 3219 suum,
430 3126 519 3200 sicut
534 3124 691 3219 superius
707 3126 813 3201 dixit:
844 3126 1020 3215 Auferetur
1041 3132 1132 3198 zelus
1154 3155 1236 3198 meur
1256 3161 1275 3202 a
1296 3150 1346 3219 te,

283 3225 323 3302 ὼ·
346 3252 412 3297 nou
431 3231 551 3310 irascar
559 3229 703 3325 superte
714 3240 815 3299 utura.
867 3227 955 3299 Haec
977 3228 1021 3301 de
1037 3248 1084 3300 eo
1100 3230 1197 3319 quod
1214 3228 1370 3306 diblum¹

281 3326 351 3401 est:
383 3327 608 3401 uersuum.
740 3357 742 3361 ·

312 3433 324 3493 f
356 3432 390 3502 6.
416 3426 612 3500 Videamus
637 3445 734 3498 nunc
761 3424 794 3497 dt
821 3423 919 3518 quod
941 3422 1121 3516 sequitur,
1160 3425 1348 3519 quomodo

280 3526 382 3600 reddi
404 3527 570 3599 dicuntur
591 3543 741 3618 peccata
760 3539 901 3618 patrum
924 3524 960 3596 in
985 3522 1103 3615 filios,
1142 3524 1178 3597 in
1207 3532 1350 3602 teriam

281 3625 495 3719 &quartum
517 3625 739 3722 progeniem.
777 3625 817 3698 ln
836 3629 912 3697 boc
934 3623 1026 3696 enim
1048 3620 1210 3698 sermone
1231 3623 1349 3700 solent

279 3746 349 3798 nos
375 3726 532 3798 haeretici
554 3725 758 3821 suggillare,
794 3726 892 3814 quod
915 3746 991 3796 non
1017 3722 1059 3795 sit
1081 3727 1170 3797 boni
1195 3725 1264 3798 Dei
1281 3723 1350 3799 ser-

279 3846 367 3916 mo,
395 3824 453 3914 qui
471 3847 539 3917 pro
557 3826 714 3918 peccatis
738 3827 884 3896 alterius
898 3824 1002 3896 alium
1024 3823 1126 3914 pleuti
1145 3826 1249 3899 dicat.
1277 3824 1348 3899 b'ed

278 3923 472 3999 secundum
497 3927 653 4018 ipsorum
679 3925 884 4016 rationem,
919 3924 977 4013 qui
1001 3923 1118 3995 Deum
1141 3927 1227 4020 legis
1249 3947 1347 3998 men·

279 4026 423 4100 dantem
442 4026 518 4098 haec
538 4026 626 4099 licet
639 4046 716 4099 non
732 4027 894 4116 bonum,
917 4022 1046 4115 justum
1064 4037 1182 4098 tamen
1199 4028 1346 4121 dicunt,

1022 4148 1024 4151 ’
1241 4145 1289 4200 ne
