3417 4692
355 323 447 452 '25⁶
529 361 601 428 ¹z
677 325 1110 450 '‘oraro-aurs

336 522 517 598 ‘'uiuum.
567 517 663 595 Intra
681 532 719 595 te
734 521 827 595 enim
846 519 917 614 est,
944 521 1067 596 &non
1080 519 1298 596 extrinsecus
1313 523 1433 616 venit,

374 625 464 700 sicut
482 623 514 696 &
530 639 678 717 regnum
693 621 763 695 Dei
777 624 871 694 intra
886 634 924 694 te
939 621 1001 696 est.
1050 620 1100 694 Et
1114 623 1328 714 mulierilla‚
1355 645 1433 714 quae

376 721 580 819 perdiderat
595 719 814 806 drachmam,
842 739 918 794 non
928 723 1025 795 illam
1039 722 1179 794 invenit
1191 721 1433 811 extrinsecum,

376 822 486 898 sedin
507 820 618 894 domo
638 818 719 911 sua,
746 817 973 914 posteaquam
990 823 1154 893 accendit
1168 824 1370 912 lucernam,
1397 823 1433 892 dt

376 920 564 997 mundavit
578 917 723 994 domum
734 919 896 1006 sordibus
911 918 1209 1010 &immunditiis‚
1236 942 1322 1013 quas
1334 922 1433 1016 longi

376 1020 551 1112 temporis
571 1020 715 1114 ignavia
737 1019 770 1092 dr
792 1018 977 1092 hebetudo
998 1016 1239 1114 congellerat,
1267 1021 1364 1093 &ibi
1382 1022 1434 1092 in·

376 1122 481 1194 venit
501 1121 712 1192 drachmam.
763 1114 813 1190 Et
829 1131 871 1189 tu
885 1137 973 1213 ergo
989 1119 1015 1193 sr
1032 1119 1204 1192 accendas
1227 1121 1431 1211 lucernam,

376 1221 403 1296 fi
422 1219 586 1291 adhibeas
610 1217 675 1290 tibi
697 1217 991 1292 illuminationem
1008 1215 1159 1310 Spiritus
1182 1215 1310 1311 santii.
1337 1219 1370 1292 ἃ
1393 1220 1432 1292 in

376 1321 511 1396 lumine
540 1319 614 1409 ejus
641 1317 762 1388 videas
782 1317 923 1409 lumen,
956 1317 1119 1390 invenies
1137 1319 1229 1390 intra
1249 1331 1288 1390 te
1308 1319 1433 1392 drach·

376 1440 480 1496 mam.
531 1416 630 1488 lntra
643 1430 681 1488 te
693 1415 917 1508 namqueest
932 1417 1113 1490 collocata
1124 1418 1240 1512 imago
1253 1421 1346 1513 regis
1364 1439 1433 1490 coe·

376 1519 484 1594 lestis.
533 1513 739 1590 Comenim
762 1515 899 1588 faceret
917 1517 1097 1590 hominem
1121 1538 1165 1588 ex
1183 1518 1289 1589 initio
1311 1519 1432 1601 Deus,

377 1617 447 1693 ad
438 1616 626 1731 imaginem
641 1618 675 1688 a
689 1614 947 1690 fimilitudinem
958 1609 1050 1688 luam
1066 1615 1153 1689 fecit
1167 1611 1266 1690 eum‘:
1292 1617 1432 1690 &hanc

377 1717 566 1826 imaginem
582 1733 658 1788 non
675 1713 914 1807 extrinsecus,
939 1712 1022 1788 sed
1011 1729 1106 1788 mtra
1122 1735 1203 1788 eum
1217 1719 1430 1792 collocavit

302 1817 493 1894 ¹Haec
485 1837 522 1888 ιιι
536 1830 574 1887 te
588 1815 703 1888 videri
721 1835 796 1887 non
812 1829 979 1908 poterat,
1006 1807 1124 1888 donec
1144 1816 1270 1887 domus
1284 1827 1346 1887 tua
1360 1815 1432 1888 sor·

377 1917 459 1992 drda
471 1928 567 2004 erat,
594 1913 1067 1988 immundiorsazrudenbus
1081 1917 1227 2006 repleta
1266 1913 1333 1988 lste
1345 1915 1431 1987 fons

376 2013 565 2092 scientia
555 2028 649 2085 intra
666 2027 704 2085 te
720 2026 795 2086 erat
817 2014 923 2105 irtus,
954 2015 1105 2086 sednon
1127 2027 1273 2106 poterat
1294 2013 1431 2108 fluere,

370 2115 461 2208 quia
476 2111 644 2184 Philistini
660 2115 890 2205 repleverant
908 2133 988 2186 eum
1004 2129 1124 2205 terra,
1155 2113 1189 2184 δι
1208 2112 1369 2187 fecerant
1391 2116 1431 2186 iri

376 2227 416 2286 te
438 2211 633 2305 imaginem.
652 2212 796 2288 terreni.
848 2211 918 2284 Sed
944 2227 986 2284 tu
1009 2211 1162 2306 portasti·
1175 2215 1316 2303 quidem
1343 2227 1432 2284 tunc

376 2313 562 2406 imaginem
578 2314 710 2384 terreni
724 2363 748 2403 ‚-
762 2331 963 2384 nunevero
982 2313 1036 2384 his
1056 2313 1183 2384 ariditis
1195 2316 1238 2386 ab
1257 2315 1316 2386 illa
1333 2315 1433 2386 omni

375 2413 473 2487 mole
492 2410 525 2483 aa
545 2411 770 2504 opprellione
787 2424 930 2484 terrena
949 2433 1012 2503 per
1031 2413 1195 2484 Verbum
1214 2413 1285 2484 Dei
1305 2433 1433 2498 pruna-

375 2526 454 2602 tua‚
483 2512 669 2607 imaginem
683 2510 831 2584 coelestis
843 2510 1182 2604 intesplendescerc
1194 2511 1318 2587 facito
1344 2512 1434 2584 Haec

377 2629 467 2708 ergo
479 2631 595 2706 imago
613 2609 682 2704 est,
700 2612 745 2684 de
760 2631 828 2702 qua
838 2610 981 2684 dicebat
994 2624 1094 2704 pater
1105 2611 1148 2682 ad
1162 2609 1294 2703 filiium
1320 2615 1431 2681 Facia-

375 2738 455 2784 mus
468 2712 623 2780 hominem
644 2665 712 2782 ad
699 2719 871 2804 imaginem
868 2709 918 2786 U
931 2709 1173 2808 fimilitedimm
1193 2711 1338 2809 najaram.
1375 2709 1433 2785 Fi-

374 2815 444 2890 lius
463 2809 532 2884 Dei
556 2807 607 2882 est
630 2809 747 2904 pictor
765 2811 899 2902 hujus
889 2812 1060 2926 imaginis.
1120 2809 1169 2883 Et
1187 2813 1364 2902 quietalis
1388 2833 1431 2883 ac

368 2924 498 2985 tantus
515 2908 565 2981 est
582 2910 754 3004 pictor,
745 2931 876 3005 imago
884 2910 956 3002 elas
981 2911 1159 2984 obscurari
1182 2930 1246 3003 per
1259 2931 1432 2983 mcurram

376 3008 519 3107 potest,
546 3009 655 3082 deleri
672 3029 737 3102 per
755 3009 923 3084 malitiam
936 3031 1012 3082 ιιοιι
1018 3007 1155 3102 potest.
1191 3009 1318 3081 Manet
1336 3010 1432 3084 enim

375 3110 539 3202 semper
530 3130 647 3206 imago
665 3108 765 3181 Dei
755 3131 792 3181 m
806 3124 866 3201 te,
891 3111 978 3182 licet
994 3109 1114 3182 tutibi
1130 3108 1202 3201 ipse
1217 3108 1435 3200 strperdncas

375 3211 565 3325 imaginem
581 3209 725 3284 terreni.
775 3207 878 3281 lstam
893 3207 1062 3299 picturam
1080 3227 1121 3280 tu
1137 3210 1200 3280 tibi
1220 3205 1294 3301 ipse
1309 3211 1432 3302 depin-

375 3312 455 3408 gis,
487 3327 567 3378 cum
590 3310 682 3381 enim
703 3320 741 3380 te
761 3307 874 3380 libido
893 3305 1108 3398 fuscaverit,
1141 3307 1305 3380 induxisti
1320 3329 1433 3382 unum

378 3410 542 3483 colorem
564 3419 757 3482 terrenum.
810 3407 846 3479 Si
866 3426 959 3479 vero
981 3407 1014 3479 az
1036 3408 1184 3479 avaritia
1203 3407 1347 3498 aestuas,
1369 3403 1433 3480 mi-

374 3506 491 3586 scuisti
504 3505 537 3578 dr
551 3508 668 3582 alium.
719 3505 839 3578 Sed&
860 3527 940 3580 cum
959 3519 998 3578 te
1016 3508 1067 3579 ira
1081 3507 1306 3603 sanguineum
1322 3464 1432 3602 facit,

377 3607 476 3682 addis
494 3606 723 3680 nihilominus
738 3605 927 3679 &tertium
941 3608 1115 3680 colorem.
1148 3607 1329 3701 Superbia
1343 3627 1434 3698 quo·

376 3729 448 3803 que
474 3707 561 3781 alius
582 3707 722 3780 additur
741 3703 868 3796 fucus
903 3704 967 3777 δι
957 3708 1148 3799 impietatis
1168 3709 1266 3780 alius.
1318 3705 1367 3778 Et
1386 3707 1433 3779 sic

375 3829 442 3906 per
462 3808 610 3904 singulas
636 3825 794 3896 quasque
810 3759 952 3878 ma'litiae
972 3803 1127 3899 species,
1162 3809 1265 3878 velut
1285 3805 1431 3879 diversra

376 3910 563 3982 coloribus
577 3906 825 4000 congregatis,
850 3902 966 3978 hanc
956 3907 1142 3996 imaginem
1156 3906 1309 3994 terreni,
1328 3925 1434 3995 quam

372 4007 507 4092 oeus
496 4029 535 4085 ιιι
553 4021 591 4082 te
609 4019 687 4082 ιιοιι
698 4001 813 4099 fecit,
837 4015 882 4080 tu
894 4002 965 4082 tibi.
976 4001 1060 4099 ipse
1069 4005 1240 4103 depingis.
1282 4004 1435 4097 Propta

1323 4125 1387 4178 rea
