3417 4692
381 394 866 477 counaurnnrn
891 396 958 508 ru
983 395 1276 478 uaunsru
1326 421 1397 528 4¹·

314 564 544 678 perpendens
558 585 613 657 ea,
629 583 706 654 quae
724 562 769 636 de
784 561 912 637 futuris
928 562 1109 657 dicuntur,
1124 521 1373 662 respondebit,

316 686 447 738 verum
468 664 512 738 ab
535 664 602 736 illis
630 684 676 736 co
700 664 927 756 praenuntiari
949 678 1119 755 tautum,
1163 663 1260 757 quod
1286 666 1376 742 illud

317 764 409 837 astra
422 762 478 836 fut
464 779 581 836 turum
596 761 814 861 significent,
840 784 915 850 non
930 763 1026 855 quod
1045 761 1210 839 efficiant.
1260 765 1377 861 Quod

316 865 341 938 s1
366 865 453 935 alius
474 863 653 958 preterita
673 884 750 935 non
766 863 838 954 jam
852 886 872 944 a
885 861 1052 942 sideribus
1068 861 1157 935 effici
1175 863 1378 957 concedet,

316 962 377 1036 sed
392 964 608 1060 cognitionis
624 983 748 1035 eorum
764 961 887 1036 causa
878 984 914 1036 ro
925 963 1068 1054 priores
1079 957 1166 1034 alias
1178 962 1378 1057 positiones

316 1021 516 1158 figurasque
529 1064 718 1155 translata,
744 1059 854 1136 solam
869 1061 1047 1136 hodierno
1063 1061 1141 1135 situi
1153 1059 1378 1159 fignificatio·
1430 1123 1433 1132 ,

317 1184 403 1236 nem
422 1162 617 1277 relinquet:
643 1162 690 1234 fic
704 1179 821 1234 tamen
838 1177 881 1233 ut
895 1156 1057 1254 praesenti
1074 1161 1225 1235 siderum
1239 1161 1301 1236 sub
1318 1183 1378 1236 or·

292 1267 294 1272 '
317 1278 396 1334 tum
417 1262 507 1334 certi
526 1261 628 1374 huJ‘us
650 1262 804 1334 hominis
825 1261 1062 1334 collocationi
1082 1275 1216 1338 certam
1235 1260 1379 1338 futuro·

317 1384 398 1435 rum
416 1362 678 1452 praenotionem
694 1360 816 1440 deberi
836 1362 941 1434 velit:
966 1359 1092 1434 afferat
1105 1362 1165 1434 ille
1180 1382 1296 1453 porro
1314 1360 1380 1434 dis·

319 1460 474 1533 criminis
494 1462 688 1553 rationem,
725 1458 957 1551 quamobrem
975 1460 1042 1534 alia
1063 1474 1230 1552 tanquam
1252 1457 1382 1544 effedta

319 1582 358 1631 vr
350 1559 544 1658 siderum,
570 1560 638 1633 alia
653 1574 820 1652 tanquam
834 1560 915 1632 ab''
891 1581 934 1631 us
949 1559 1061 1631 modo
1071 1556 1288 1731 Πὲηἰῆεαῑα,
1315 1563 1381 1634 ve'·

317 1681 358 1730 re
375 1652 548 1753 cognosci
565 1657 665 1753 polle
681 1659 860 1735 defendat
902 1658 1014 1829 (Ξυοά
1030 1659 1080 1730 illi
1120 1655 1280 1734 iscrimen
1298 1680 1382 1739 cum

320 1757 485 1853 affignare
500 1758 633 1831 nullum
651 1760 803 1851 pollint,
827 1758 917 1831 nobi
932 1779 1013 1831 cum
1030 1758 1236 1853 deinceps
1211 1781 1383 1857 ingenue,

320 1860 410 1930 nihil
426 1877 574 1957 eorum,
593 1879 669 1949 quas
688 1859 731 1931 ad
741 1858 906 1931 hommes
925 1858 1151 1952 pertineant,
1178 1858 1384 1935 afideribue

319 1956 412 2031 effici
437 1951 639 2048 fateantur,
665 1955 724 2030 sed
746 1946 915 2049 tantum,
940 1958 992 2030 uti
1011 1959 1085 2051 J'am
1105 1973 1188 2032 ante
1214 1958 1383 2052 diximus,

319 2073 515 2146 utcumque
536 2053 735 2170 significari.
787 2056 900 2155 Quod
924 2057 1071 2151 perinde
1096 2058 1246 2131 omnino
1272 2059 1385 2134 fuerit

322 2178 362 2227 ac
388 2155 411 2227 h
434 2156 511 2247 quis
533 2176 609 2227 non
628 2158 699 2249 jam
722 2178 767 2229 ex
790 2154 909 2229 iisdem
931 2157 1124 2251 sideribus,
1152 2156 1211 2232 sed
1234 2179 1299 2251 per
1321 2159 1384 2252 ali·

320 2277 426 2345 quam
441 2255 680 2347 prophetiam,
707 2278 753 2327 ex
767 2253 914 2348 ipsamet
927 2255 998 2329 Dei
1011 2270 1133 2331 mente
1144 2277 1202 2330 res
1219 2272 1282 2331 aut
1295 2264 1384 2352 prae·

318 2356 444 2426 teritas
466 2368 527 2425 aut
542 2353 678 2427 futuras
694 2356 923 2451 intelligeret.
959 2356 1270 2455 Quemadmodum
1287 2359 1386 2433 enim

320 2452 480 2546 superius
507 2452 683 2527 ostensum
708 2478 727 2527 a
754 2456 860 2547 nobis
881 2453 955 2546 est,
988 2456 1087 2546 quod
1107 2456 1233 2550 Deus,
1267 2478 1385 2550 quaea

322 2573 469 2643 quoque
486 2547 690 2647 profetiam
710 2554 798 2647 smt,
827 2556 948 2626 omnia
970 2558 1212 2649 praenoverit,
1237 2557 1273 2628 id
1294 2555 1388 2630 nihil

322 2650 467 2745 prorsus
489 2654 667 2748 voluntat
642 2667 687 2724 trs
706 2652 835 2726 nostrae
857 2652 1025 2747 potestati
1048 2653 1215 2727 officere:
1246 2656 1297 2727 ita
1314 2676 1386 2730 nec

322 2752 460 2841 eidem,
488 2773 565 2842 quae
581 2772 699 2825 rerum
717 2752 809 2847 hgna
824 2752 924 2825 Deus
942 2751 1011 2824 elle
1023 2754 1194 2845 voluit,
1183 2774 1387 2827 Incommo-

325 2851 443 2939 dant,
461 2847 520 2921 sed
539 2852 734 2938 voluminis
761 2852 907 2943 alicujus
922 2850 1027 2924 instar
1050 2851 1210 2927 futurum
1226 2854 1387 2947 prophe
1387 2861 1391 2872 '

323 2952 398 3022 tica
420 2948 576 3021 didlione
596 2952 801 3043 complexi,
827 2950 997 3023 universo
1018 2972 1164 3043 quoque
1181 2955 1298 3046 coelo,
1324 2952 1389 3043 qut

323 3043 397 3121 Dei
416 3049 507 3119 liber
520 3048 659 3139 quidam
678 3050 748 3139 est,
777 3051 957 3122 contineri
976 3049 1095 3123 futura
1112 3050 1268 3144 poliunt
1317 3049 1388 3123 Ita·

323 3170 394 3249 que
408 3148 527 3219 hunc
518 3169 554 3220 in
570 3148 716 3223 modum
731 3150 882 3248 intelligi
898 3149 1042 3242 potest,
1070 3150 1191 3241 qnod
1182 3172 1219 3224 ur
1220 3149 1388 3248 Josephi

321 3270 358 3341 pr
351 3247 535 3319 tertione
551 3269 570 3319 a
584 3248 724 3342 Jacobo
739 3248 890 3341 dicitur,
922 3253 1027 3343 Legi
1013 3249 1178 3321 turabulis
1191 3254 1277 3343 caeli,
1304 3275 1387 3346 qua

325 3372 393 3416 cu
367 3372 454 3443 nque
475 3349 688 3417 accidemb
630 3349 688 3417 vul>
690 3354 716 3416 is
733 3347 862 3439 &filiis
876 3349 1012 3445 vestris.
1051 3348 1257 3449 Quinetiam
1278 3349 1388 3445 illud,

322 3436 559 3542 complicabitur
576 3448 680 3517 colum
694 3448 781 3544 quast
791 3449 886 3534 liber,
913 3471 959 3522 eo
976 3438 1127 3521 fortaffis
1142 3451 1321 3543 pertinet,
1345 3462 1388 3526 ut
1453 3533 1456 3546 Ι

323 3543 504 3647 impressas
520 3546 582 3637 ips1
608 3567 726 3620 rerum
750 3547 949 3624 futurarum
976 3544 1250 3644 fignificationes
1270 3547 1387 3640 perfe-
1411 3600 1414 3608 -

326 3645 422 3719 etum
441 3623 606 3736 quasique
630 3648 887 3739 completum
878 3646 921 3717 rri
947 3646 1194 3739 demonstret,
1224 3648 1389 3739 quemad·

324 3743 475 3819 modum
494 3741 570 3836 ipso
589 3765 709 3817 rerum
736 3747 836 3819 exitu
857 3748 1038 3838 completa
1058 3746 1321 3841 Prophetarum
1340 3747 1419 3820 di·

326 3862 459 3916 cuntur
473 3844 629 3917 oracula.
657 3843 802 3936 Atque
792 3843 1031 3941 rtasrgnorum
1048 3857 1089 3917 ut
1104 3849 1187 3919 vice
1201 3847 1470 3944 fungeren-

325 3957 412 4035 tur,
447 3942 642 4015 constituta
665 3945 842 4016 diuinitus
867 3942 955 4016 astra
976 3933 1110 4018 fraerint
1120 3947 1266 4062 ,juxta
1284 3946 1393 4026 illud.

325 4048 440 4116 Sint
428 4066 468 4114 m
478 4045 583 4141 figur.
635 4047 859 4143 Quamquam
884 4042 1115 4139 Hieremias,
1143 4046 1199 4120 uti
1225 4045 1261 4119 dt
1283 4045 1398 4120 nohis

820 4139 867 4240 ¹C
896 4166 916 4242 ς
1292 4161 1375 4278 uus
