<?xml version="1.0" encoding="UTF-8"?>
<!DOCTYPE html PUBLIC "-//W3C//DTD XHTML 1.0 Transitional//EN"
    "http://www.w3.org/TR/xhtml1/DTD/xhtml1-transitional.dtd">
<html xmlns="http://www.w3.org/1999/xhtml" xml:lang="en" lang="en">
 <head>
  <title>
</title>
<meta http-equiv="Content-Type" content="text/html;charset=utf-8" />
  <meta name='ocr-system' content='tesseract 3.04.00' />
  <meta name='ocr-capabilities' content='ocr_page ocr_carea ocr_par ocr_line ocrx_word'/>
</head>
<body>
  <div class='ocr_page' id='page_1' title='image "./operaomniasanct02unkngoog_0443.png"; bbox 0 0 3417 4692; ppageno 0'>
   <div class='ocr_carea' id='block_1_1' title="bbox 277 385 1453 4052">
    <p class='ocr_par' dir='ltr' id='par_1_1' title="bbox 277 385 1453 4031">
     <span class='ocr_line' id='line_1_1' title="bbox 577 385 1357 492; baseline 0 -27"><span class='ocrx_word' id='word_1_1' title='bbox 577 385 1072 465; x_wconf 76' lang='lat' dir='ltr'><strong>INEXODUM</strong></span> <span class='ocrx_word' id='word_1_2' title='bbox 1282 385 1357 492; x_wconf 43' lang='lat'>&amp;9</span> 
     </span>
     <span class='ocr_line' id='line_1_2' title="bbox 284 551 1356 669; baseline -0.002 -37"><span class='ocrx_word' id='word_1_3' title='bbox 284 553 428 632; x_wconf 83' lang='lat' dir='ltr'>recusat</span> <span class='ocrx_word' id='word_1_4' title='bbox 448 551 649 630; x_wconf 66' lang='lat' dir='ltr'>affectuum</span> <span class='ocrx_word' id='word_1_5' title='bbox 702 554 815 669; x_wconf 79' lang='lat' dir='ltr'>Quis</span> <span class='ocrx_word' id='word_1_6' title='bbox 812 556 905 628; x_wconf 92' lang='lat' dir='ltr'>enim</span> <span class='ocrx_word' id='word_1_7' title='bbox 928 553 1073 628; x_wconf 81' lang='lat' dir='ltr'>audiens</span> <span class='ocrx_word' id='word_1_8' title='bbox 1094 553 1213 632; x_wconf 90' lang='lat' dir='ltr'>Deum</span> <span class='ocrx_word' id='word_1_9' title='bbox 1237 555 1356 630; x_wconf 88' lang='lat' dir='ltr'>zelan-</span> 
     </span>
     <span class='ocr_line' id='line_1_3' title="bbox 286 653 1354 752; baseline -0.003 -21"><span class='ocrx_word' id='word_1_10' title='bbox 286 673 362 731; x_wconf 87' lang='lat' dir='ltr'>tem</span> <span class='ocrx_word' id='word_1_11' title='bbox 394 678 468 728; x_wconf 90' lang='lat' dir='ltr'>non</span> <span class='ocrx_word' id='word_1_12' title='bbox 495 658 671 728; x_wconf 85' lang='lat' dir='ltr'>continuo</span> <span class='ocrx_word' id='word_1_13' title='bbox 701 658 882 749; x_wconf 85' lang='lat' dir='ltr'>miretur,-</span> <span class='ocrx_word' id='word_1_14' title='bbox 911 653 944 726; x_wconf 72' lang='grc' dir='ltr'>δι</span> <span class='ocrx_word' id='word_1_15' title='bbox 971 657 1130 728; x_wconf 76' lang='lat' dir='ltr'>humane</span> <span class='ocrx_word' id='word_1_16' title='bbox 1155 655 1354 752; x_wconf 79' lang='lat' dir='ltr'>fragilitatis</span> 
     </span>
     <span class='ocr_line' id='line_1_4' title="bbox 286 751 1353 850; baseline -0.002 -22"><span class='ocrx_word' id='word_1_17' title='bbox 286 757 417 830; x_wconf 86' lang='lat' dir='ltr'>vitium</span> <span class='ocrx_word' id='word_1_18' title='bbox 433 751 564 849; x_wconf 72' lang='lat' dir='ltr'>putet?</span> <span class='ocrx_word' id='word_1_19' title='bbox 590 753 660 827; x_wconf 84' lang='lat' dir='ltr'>Sed</span> <span class='ocrx_word' id='word_1_20' title='bbox 682 759 800 828; x_wconf 88' lang='lat' dir='ltr'>omnia</span> <span class='ocrx_word' id='word_1_21' title='bbox 817 769 968 848; x_wconf 80' lang='lat' dir='ltr'>propter</span> <span class='ocrx_word' id='word_1_22' title='bbox 987 777 1054 826; x_wconf 90' lang='lat' dir='ltr'>nos</span> <span class='ocrx_word' id='word_1_23' title='bbox 1074 757 1148 850; x_wconf 81' lang='lat' dir='ltr'>agit</span> <span class='ocrx_word' id='word_1_24' title='bbox 1164 757 1197 826; x_wconf 76' lang='grc' dir='ltr'>δι</span> <span class='ocrx_word' id='word_1_25' title='bbox 1219 761 1353 847; x_wconf 82' lang='lat' dir='ltr'>patitur</span> 
     </span>
     <span class='ocr_line' id='line_1_5' title="bbox 285 849 1367 954; baseline -0.001 -26"><span class='ocrx_word' id='word_1_26' title='bbox 285 856 413 948; x_wconf 83' lang='lat' dir='ltr'>Deus,</span> <span class='ocrx_word' id='word_1_27' title='bbox 441 857 474 927; x_wconf 73' lang='grc' dir='ltr'>ἀ</span> <span class='ocrx_word' id='word_1_28' title='bbox 498 869 539 927; x_wconf 87' lang='lat' dir='ltr'>ut</span> <span class='ocrx_word' id='word_1_29' title='bbox 561 855 724 947; x_wconf 84' lang='lat' dir='ltr'>poffimus</span> <span class='ocrx_word' id='word_1_30' title='bbox 751 857 922 948; x_wconf 84' lang='lat' dir='ltr'><strong>edoceri,</strong></span> <span class='ocrx_word' id='word_1_31' title='bbox 948 870 1015 926; x_wconf 93' lang='lat' dir='ltr'>not</span> <span class='ocrx_word' id='word_1_32' title='bbox 1017 855 1045 954; x_wconf 82' lang='lat' dir='ltr'>is</span> <span class='ocrx_word' id='word_1_33' title='bbox 1002 853 1249 928; x_wconf 82' lang='lat' dir='ltr'>t&amp;us1tatis</span> <span class='ocrx_word' id='word_1_34' title='bbox 1269 849 1367 927; x_wconf 80' lang='lat' dir='ltr'>affe·‘</span> 
     </span>
     <span class='ocr_line' id='line_1_6' title="bbox 289 909 1352 1050; baseline 0 -22"><span class='ocrx_word' id='word_1_35' title='bbox 289 955 401 1028; x_wconf 74' lang='lat' dir='ltr'>ctib&#39;us</span> <span class='ocrx_word' id='word_1_36' title='bbox 420 953 527 1027; x_wconf 87' lang='lat' dir='ltr'>nobis</span> <span class='ocrx_word' id='word_1_37' title='bbox 544 959 716 1047; x_wconf 87' lang='lat' dir='ltr'>loquitur.</span> <span class='ocrx_word' id='word_1_38' title='bbox 770 909 1027 1028; x_wconf 81' lang='lat' dir='ltr'>Videamus</span> <span class='ocrx_word' id='word_1_39' title='bbox 982 974 1091 1050; x_wconf 86' lang='lat' dir='ltr'>ergo,</span> <span class='ocrx_word' id='word_1_40' title='bbox 1113 956 1194 1046; x_wconf 86' lang='lat' dir='ltr'>quid</span> <span class='ocrx_word' id='word_1_41' title='bbox 1212 947 1261 1025; x_wconf 85' lang='lat' dir='ltr'>est</span> <span class='ocrx_word' id='word_1_42' title='bbox 1277 956 1352 1028; x_wconf 92' lang='lat' dir='ltr'>hoc</span> 
     </span>
     <span class='ocr_line' id='line_1_7' title="bbox 289 1052 1353 1152; baseline 0.002 -27"><span class='ocrx_word' id='word_1_43' title='bbox 289 1055 388 1147; x_wconf 90' lang='lat' dir='ltr'>quod</span> <span class='ocrx_word' id='word_1_44' title='bbox 404 1055 511 1146; x_wconf 85' lang='lat' dir='ltr'>dicit,</span> <span class='ocrx_word' id='word_1_45' title='bbox 538 1059 628 1146; x_wconf 84' lang='lat' dir='ltr'>quia</span> <span class='ocrx_word' id='word_1_46' title='bbox 639 1053 739 1128; x_wconf 91' lang='lat' dir='ltr'>Deus</span> <span class='ocrx_word' id='word_1_47' title='bbox 756 1059 877 1128; x_wconf 86' lang='lat' dir='ltr'>zelans</span> <span class='ocrx_word' id='word_1_48' title='bbox 896 1076 964 1152; x_wconf 88' lang='lat' dir='ltr'>ego</span> <span class='ocrx_word' id='word_1_49' title='bbox 987 1052 1069 1125; x_wconf 88' lang='lat' dir='ltr'>sum.</span> <span class='ocrx_word' id='word_1_50' title='bbox 1123 1053 1192 1125; x_wconf 85' lang='lat' dir='ltr'>Sed</span> <span class='ocrx_word' id='word_1_51' title='bbox 1207 1067 1249 1126; x_wconf 90' lang='lat' dir='ltr'>ut</span> <span class='ocrx_word' id='word_1_52' title='bbox 1265 1075 1353 1127; x_wconf 90' lang='lat' dir='ltr'>con·</span> 
     </span>
     <span class='ocr_line' id='line_1_8' title="bbox 287 1151 1352 1248; baseline 0 -22"><span class='ocrx_word' id='word_1_53' title='bbox 287 1156 450 1246; x_wconf 82' lang='lat' dir='ltr'>templati</span> <span class='ocrx_word' id='word_1_54' title='bbox 467 1154 606 1226; x_wconf 88' lang='lat' dir='ltr'>facilius</span> <span class='ocrx_word' id='word_1_55' title='bbox 632 1155 761 1248; x_wconf 81' lang='lat' dir='ltr'>possint</span> <span class='ocrx_word' id='word_1_56' title='bbox 783 1155 928 1240; x_wconf 83' lang='lat' dir='ltr'>divina,</span> <span class='ocrx_word' id='word_1_57' title='bbox 952 1152 996 1226; x_wconf 93' lang='lat' dir='ltr'>de</span> <span class='ocrx_word' id='word_1_58' title='bbox 1015 1154 1203 1245; x_wconf 87' lang='lat' dir='ltr'>humanis,</span> <span class='ocrx_word' id='word_1_59' title='bbox 1231 1151 1352 1227; x_wconf 88' lang='lat' dir='ltr'>secun·</span> 
     </span>
     <span class='ocr_line' id='line_1_9' title="bbox 287 1250 1351 1369; baseline -0.002 -42"><span class='ocrx_word' id='word_1_60' title='bbox 287 1255 371 1327; x_wconf 85' lang='lat' dir='ltr'>dum</span> <span class='ocrx_word' id='word_1_61' title='bbox 389 1276 430 1326; x_wconf 91' lang='lat' dir='ltr'>ea</span> <span class='ocrx_word' id='word_1_62' title='bbox 445 1272 521 1345; x_wconf 82' lang='lat' dir='ltr'>qu&#39;ae</span> <span class='ocrx_word' id='word_1_63' title='bbox 535 1252 692 1347; x_wconf 87' lang='lat' dir='ltr'>superius</span> <span class='ocrx_word' id='word_1_64' title='bbox 710 1253 950 1369; x_wconf 81' lang='lat' dir='ltr'>differuimus,</span> <span class='ocrx_word' id='word_1_65' title='bbox 977 1250 1169 1326; x_wconf 83' lang='lat' dir='ltr'>¹doceamur</span> <span class='ocrx_word' id='word_1_66' title='bbox 1186 1254 1351 1345; x_wconf 84' lang='lat' dir='ltr'>exempli.</span> 
     </span>
     <span class='ocr_line' id='line_1_10' title="bbox 287 1349 1443 1448; baseline -0.001 -23"><span class='ocrx_word' id='word_1_67' title='bbox 287 1353 415 1427; x_wconf 84' lang='lat' dir='ltr'>Omnis</span> <span class='ocrx_word' id='word_1_68' title='bbox 429 1353 555 1427; x_wconf 78' lang='lat' dir='ltr'>mulier</span> <span class='ocrx_word' id='word_1_69' title='bbox 569 1351 741 1426; x_wconf 87' lang='lat' dir='ltr'>autsnb</span> <span class='ocrx_word' id='word_1_70' title='bbox 722 1355 806 1426; x_wconf 87' lang='lat' dir='ltr'>viro</span> <span class='ocrx_word' id='word_1_71' title='bbox 828 1349 878 1426; x_wconf 90' lang='lat' dir='ltr'>est</span> <span class='ocrx_word' id='word_1_72' title='bbox 893 1353 935 1426; x_wconf 85' lang='lat'>²&amp;</span> <span class='ocrx_word' id='word_1_73' title='bbox 958 1351 1109 1444; x_wconf 70' lang='lat' dir='ltr'>subjecta</span> <span class='ocrx_word' id='word_1_74' title='bbox 1092 1353 1273 1448; x_wconf 74' lang='lat' dir='ltr'>alegibus</span> <span class='ocrx_word' id='word_1_75' title='bbox 1298 1353 1351 1424; x_wconf 86' lang='lat' dir='ltr'>vi·</span> <span class='ocrx_word' id='word_1_76' title='bbox 1431 1389 1443 1402; x_wconf 88' lang='lat'><em>-</em></span> 
     </span>
     <span class='ocr_line' id='line_1_11' title="bbox 284 1453 1349 1545; baseline 0 -21"><span class='ocrx_word' id='word_1_77' title='bbox 284 1455 337 1541; x_wconf 72' lang='grc' dir='ltr'>τίς</span> <span class='ocrx_word' id='word_1_78' title='bbox 373 1467 435 1524; x_wconf 91' lang='lat' dir='ltr'>aut</span> <span class='ocrx_word' id='word_1_79' title='bbox 463 1455 633 1525; x_wconf 83' lang='lat' dir='ltr'>meretrix</span> <span class='ocrx_word' id='word_1_80' title='bbox 660 1454 743 1545; x_wconf 90' lang='lat' dir='ltr'>est,</span> <span class='ocrx_word' id='word_1_81' title='bbox 779 1454 951 1552; x_wconf 85' lang='lat' dir='ltr'>&amp;utitur</span> <span class='ocrx_word' id='word_1_82' title='bbox 972 1454 1155 1525; x_wconf 87' lang='lat' dir='ltr'>libertate</span> <span class='ocrx_word' id='word_1_83' title='bbox 1165 1453 1349 1543; x_wconf 88' lang='lat' dir='ltr'>peccandi.</span> 
     </span>
     <span class='ocr_line' id='line_1_12' title="bbox 285 1545 1351 1649; baseline 0.002 -25"><span class='ocrx_word' id='word_1_84' title='bbox 285 1552 369 1648; x_wconf 89' lang='lat' dir='ltr'>Qui</span> <span class='ocrx_word' id='word_1_85' title='bbox 381 1572 469 1648; x_wconf 84' lang='lat' dir='ltr'>ergo</span> <span class='ocrx_word' id='word_1_86' title='bbox 492 1549 691 1649; x_wconf 84' lang='lat' dir='ltr'>ingreditur</span> <span class='ocrx_word' id='word_1_87' title='bbox 716 1553 759 1626; x_wconf 86' lang='lat' dir='ltr'>ad</span> <span class='ocrx_word' id='word_1_88' title='bbox 782 1545 1033 1643; x_wconf 68' lang='lat' dir='ltr'>meretricem,</span> <span class='ocrx_word' id='word_1_89' title='bbox 1069 1550 1132 1624; x_wconf 83' lang='lat' dir='ltr'>scit</span> <span class='ocrx_word' id='word_1_90' title='bbox 1151 1550 1186 1623; x_wconf 90' lang='lat' dir='ltr'>se</span> <span class='ocrx_word' id='word_1_91' title='bbox 1206 1549 1249 1622; x_wconf 93' lang='lat' dir='ltr'>ad</span> <span class='ocrx_word' id='word_1_92' title='bbox 1274 1574 1351 1626; x_wconf 85' lang='lat' dir='ltr'>eam</span> 
     </span>
     <span class='ocr_line' id='line_1_13' title="bbox 283 1649 1433 1748; baseline -0.004 -25"><span class='ocrx_word' id='word_1_93' title='bbox 283 1650 471 1748; x_wconf 82' lang='lat' dir='ltr'>ingreffum</span> <span class='ocrx_word' id='word_1_94' title='bbox 482 1649 551 1724; x_wconf 81' lang='lat' dir='ltr'>effe</span> <span class='ocrx_word' id='word_1_95' title='bbox 565 1652 763 1743; x_wconf 75' lang='lat' dir='ltr'>mulierem,</span> <span class='ocrx_word' id='word_1_96' title='bbox 782 1674 859 1744; x_wconf 77' lang='lat' dir='ltr'>quae</span> <span class='ocrx_word' id='word_1_97' title='bbox 874 1651 1129 1746; x_wconf 76' lang='lat' dir='ltr'>prostituta</span> <span class='ocrx_word' id='word_1_98' title='bbox 1080 1656 1114 1723; x_wconf 93' lang='lat' dir='ltr'>e</span> <span class='ocrx_word' id='word_1_99' title='bbox 1102 1649 1201 1742; x_wconf 91' lang='lat'>&amp;</span> <span class='ocrx_word' id='word_1_100' title='bbox 1216 1649 1349 1724; x_wconf 70' lang='lat' dir='ltr'>cunctis</span> <span class='ocrx_word' id='word_1_101' title='bbox 1428 1713 1433 1718; x_wconf 88' lang='lat'><em>.</em></span> 
     </span>
     <span class='ocr_line' id='line_1_14' title="bbox 286 1750 1349 1852; baseline 0.001 -29"><span class='ocrx_word' id='word_1_102' title='bbox 286 1752 497 1823; x_wconf 87' lang='lat' dir='ltr'>volentibus</span> <span class='ocrx_word' id='word_1_103' title='bbox 517 1764 649 1843; x_wconf 87' lang='lat' dir='ltr'>patet,</span> <span class='ocrx_word' id='word_1_104' title='bbox 685 1752 911 1852; x_wconf 79' lang='lat' dir='ltr'>&amp;indignari</span> <span class='ocrx_word' id='word_1_105' title='bbox 937 1773 1013 1824; x_wconf 89' lang='lat' dir='ltr'>non</span> <span class='ocrx_word' id='word_1_106' title='bbox 1032 1750 1181 1845; x_wconf 90' lang='lat' dir='ltr'>potest</span> <span class='ocrx_word' id='word_1_107' title='bbox 1216 1750 1240 1822; x_wconf 81' lang='lat' dir='ltr'>si</span> <span class='ocrx_word' id='word_1_108' title='bbox 1266 1772 1349 1825; x_wconf 91' lang='lat' dir='ltr'>cum</span> 
     </span>
     <span class='ocr_line' id='line_1_15' title="bbox 285 1849 1349 1962; baseline 0 -38"><span class='ocrx_word' id='word_1_109' title='bbox 285 1871 330 1924; x_wconf 89' lang='lat' dir='ltr'>ea</span> <span class='ocrx_word' id='word_1_110' title='bbox 349 1852 454 1923; x_wconf 88' lang='lat' dir='ltr'>etiam</span> <span class='ocrx_word' id='word_1_111' title='bbox 486 1853 576 1922; x_wconf 83' lang='lat' dir='ltr'>alios</span> <span class='ocrx_word' id='word_1_112' title='bbox 601 1851 703 1924; x_wconf 87' lang='lat' dir='ltr'>videt</span> <span class='ocrx_word' id='word_1_113' title='bbox 729 1861 918 1926; x_wconf 86' lang='lat' dir='ltr'>amatores</span> <span class='ocrx_word' id='word_1_114' title='bbox 949 1851 1045 1962; x_wconf 90' lang='lat' dir='ltr'>Qui</span> <span class='ocrx_word' id='word_1_115' title='bbox 1075 1869 1166 1922; x_wconf 86' lang='lat' dir='ltr'>vero</span> <span class='ocrx_word' id='word_1_116' title='bbox 1187 1849 1349 1946; x_wconf 84' lang='lat' dir='ltr'>legitimo</span> 
     </span>
     <span class='ocr_line' id='line_1_16' title="bbox 284 1945 1351 2043; baseline -0.001 -20"><span class='ocrx_word' id='word_1_117' title='bbox 284 1949 399 2023; x_wconf 86' lang='lat' dir='ltr'>utitur</span> <span class='ocrx_word' id='word_1_118' title='bbox 420 1952 676 2042; x_wconf 87' lang='lat' dir='ltr'>matrimonio,</span> <span class='ocrx_word' id='word_1_119' title='bbox 702 1972 778 2023; x_wconf 92' lang='lat' dir='ltr'>non</span> <span class='ocrx_word' id='word_1_120' title='bbox 799 1945 935 2043; x_wconf 83' lang='lat' dir='ltr'>patitur</span> <span class='ocrx_word' id='word_1_121' title='bbox 949 1949 1007 2023; x_wconf 89' lang='lat' dir='ltr'>uti</span> <span class='ocrx_word' id='word_1_122' title='bbox 1023 1969 1176 2022; x_wconf 85' lang='lat' dir='ltr'>uxorem</span> <span class='ocrx_word' id='word_1_123' title='bbox 1199 1970 1351 2042; x_wconf 84' lang='lat' dir='ltr'>peccan-</span> 
     </span>
     <span class='ocr_line' id='line_1_17' title="bbox 284 2047 1352 2163; baseline -0.001 -41"><span class='ocrx_word' id='word_1_124' title='bbox 284 2050 319 2122; x_wconf 91' lang='lat' dir='ltr'>di</span> <span class='ocrx_word' id='word_1_125' title='bbox 335 2048 533 2163; x_wconf 85' lang='lat' dir='ltr'>potestate,</span> <span class='ocrx_word' id='word_1_126' title='bbox 560 2047 618 2122; x_wconf 90' lang='lat' dir='ltr'>sed</span> <span class='ocrx_word' id='word_1_127' title='bbox 636 2052 843 2123; x_wconf 80' lang='lat' dir='ltr'>accenditur</span> <span class='ocrx_word' id='word_1_128' title='bbox 861 2054 943 2123; x_wconf 86' lang='lat' dir='ltr'>zelo</span> <span class='ocrx_word' id='word_1_129' title='bbox 961 2051 1003 2122; x_wconf 83' lang='lat' dir='ltr'>ad</span> <span class='ocrx_word' id='word_1_130' title='bbox 1022 2050 1217 2122; x_wconf 86' lang='lat' dir='ltr'>castitatem</span> <span class='ocrx_word' id='word_1_131' title='bbox 1233 2050 1352 2121; x_wconf 86' lang='lat' dir='ltr'>matri·</span> 
     </span>
     <span class='ocr_line' id='line_1_18' title="bbox 283 2145 1350 2245; baseline -0.001 -23"><span class='ocrx_word' id='word_1_132' title='bbox 283 2152 397 2222; x_wconf 89' lang='lat' dir='ltr'>monii</span> <span class='ocrx_word' id='word_1_133' title='bbox 415 2145 714 2236; x_wconf 81' lang='lat' dir='ltr'>conservandam,</span> <span class='ocrx_word' id='word_1_134' title='bbox 742 2172 815 2241; x_wconf 89' lang='lat' dir='ltr'>quo</span> <span class='ocrx_word' id='word_1_135' title='bbox 833 2149 936 2244; x_wconf 86' lang='lat' dir='ltr'>poffit</span> <span class='ocrx_word' id='word_1_136' title='bbox 957 2171 1002 2223; x_wconf 83' lang='lat' dir='ltr'>ex</span> <span class='ocrx_word' id='word_1_137' title='bbox 1020 2173 1060 2223; x_wconf 84' lang='lat' dir='ltr'>ea</span> <span class='ocrx_word' id='word_1_138' title='bbox 1075 2146 1152 2221; x_wconf 89' lang='lat' dir='ltr'>fieri</span> <span class='ocrx_word' id='word_1_139' title='bbox 1173 2151 1350 2245; x_wconf 83' lang='lat' dir='ltr'>legitimus</span> 
     </span>
     <span class='ocr_line' id='line_1_19' title="bbox 283 2248 1453 2348; baseline 0 -28"><span class='ocrx_word' id='word_1_140' title='bbox 283 2263 396 2340; x_wconf 90' lang='lat' dir='ltr'>pater.</span> <span class='ocrx_word' id='word_1_141' title='bbox 449 2248 535 2323; x_wconf 89' lang='lat' dir='ltr'>Hoc</span> <span class='ocrx_word' id='word_1_142' title='bbox 555 2270 643 2344; x_wconf 87' lang='lat' dir='ltr'>ergo</span> <span class='ocrx_word' id='word_1_143' title='bbox 668 2254 834 2344; x_wconf 76' lang='lat' dir='ltr'>exemplo</span> <span class='ocrx_word' id='word_1_144' title='bbox 855 2251 1090 2348; x_wconf 82' lang='lat' dir='ltr'><strong>intelligamus</strong></span> <span class='ocrx_word' id='word_1_145' title='bbox 1117 2270 1259 2321; x_wconf 89' lang='lat' dir='ltr'>omnem</span> <span class='ocrx_word' id='word_1_146' title='bbox 1278 2248 1350 2320; x_wconf 88' lang='lat' dir='ltr'>ani·</span> <span class='ocrx_word' id='word_1_147' title='bbox 1450 2255 1453 2270; x_wconf 93' lang='lat'>&#39;</span> 
     </span>
     <span class='ocr_line' id='line_1_20' title="bbox 284 2348 1350 2441; baseline 0.001 -19"><span class='ocrx_word' id='word_1_148' title='bbox 284 2369 407 2439; x_wconf 81' lang='lat' dir='ltr'>mam,</span> <span class='ocrx_word' id='word_1_149' title='bbox 442 2363 503 2420; x_wconf 88' lang='lat' dir='ltr'>aut</span> <span class='ocrx_word' id='word_1_150' title='bbox 530 2349 755 2440; x_wconf 88' lang='lat' dir='ltr'>prostitutam</span> <span class='ocrx_word' id='word_1_151' title='bbox 778 2348 847 2421; x_wconf 80' lang='lat' dir='ltr'>effe</span> <span class='ocrx_word' id='word_1_152' title='bbox 870 2352 1118 2441; x_wconf 77' lang='lat' dir='ltr'>daemonibus,</span> <span class='ocrx_word' id='word_1_153' title='bbox 1157 2350 1189 2419; x_wconf 88' lang='lat'>&amp;</span> <span class='ocrx_word' id='word_1_154' title='bbox 1218 2349 1350 2423; x_wconf 87' lang='lat' dir='ltr'>habere</span> 
     </span>
     <span class='ocr_line' id='line_1_21' title="bbox 283 2449 1350 2541; baseline 0.002 -24"><span class='ocrx_word' id='word_1_155' title='bbox 283 2449 456 2541; x_wconf 83' lang='lat' dir='ltr'>plurimos</span> <span class='ocrx_word' id='word_1_156' title='bbox 480 2466 679 2539; x_wconf 79' lang='lat' dir='ltr'>amatores,</span> <span class='ocrx_word' id='word_1_157' title='bbox 714 2452 762 2520; x_wconf 90' lang='lat' dir='ltr'>ita</span> <span class='ocrx_word' id='word_1_158' title='bbox 785 2465 824 2519; x_wconf 87' lang='lat' dir='ltr'>ut</span> <span class='ocrx_word' id='word_1_159' title='bbox 846 2453 955 2521; x_wconf 85' lang='lat' dir='ltr'>intret</span> <span class='ocrx_word' id='word_1_160' title='bbox 979 2452 1022 2522; x_wconf 89' lang='lat' dir='ltr'>ad</span> <span class='ocrx_word' id='word_1_161' title='bbox 1043 2472 1118 2521; x_wconf 86' lang='lat' dir='ltr'>earn</span> <span class='ocrx_word' id='word_1_162' title='bbox 1131 2449 1251 2518; x_wconf 85' lang='lat' dir='ltr'>modo</span> <span class='ocrx_word' id='word_1_163' title='bbox 1275 2452 1350 2539; x_wconf 88' lang='lat' dir='ltr'>qui-</span> 
     </span>
     <span class='ocr_line' id='line_1_22' title="bbox 284 2545 1350 2640; baseline 0 -22"><span class='ocrx_word' id='word_1_164' title='bbox 284 2548 364 2619; x_wconf 88' lang='lat' dir='ltr'>dem</span> <span class='ocrx_word' id='word_1_165' title='bbox 381 2546 520 2638; x_wconf 85' lang='lat' dir='ltr'>spiritus</span> <span class='ocrx_word' id='word_1_166' title='bbox 538 2545 789 2619; x_wconf 82' lang='lat' dir='ltr'>fornicationis</span> <span class='ocrx_word' id='word_1_167' title='bbox 804 2555 832 2638; x_wconf 78' lang='grc'>,’</span> <span class='ocrx_word' id='word_1_168' title='bbox 851 2547 915 2618; x_wconf 85' lang='lat' dir='ltr'>illo</span> <span class='ocrx_word' id='word_1_169' title='bbox 938 2548 1140 2620; x_wconf 73' lang='lat' dir='ltr'>discedente</span> <span class='ocrx_word' id='word_1_170' title='bbox 1159 2548 1269 2617; x_wconf 86' lang='lat' dir='ltr'>intret</span> <span class='ocrx_word' id='word_1_171' title='bbox 1285 2547 1350 2640; x_wconf 92' lang='lat' dir='ltr'>spi-</span> 
     </span>
     <span class='ocr_line' id='line_1_23' title="bbox 283 2641 1377 2740; baseline 0.001 -25"><span class='ocrx_word' id='word_1_172' title='bbox 283 2647 377 2715; x_wconf 88' lang='lat' dir='ltr'>ritus·</span> <span class='ocrx_word' id='word_1_173' title='bbox 395 2648 579 2735; x_wconf 72' lang='lat' dir='ltr'>avaritiae,</span> <span class='ocrx_word' id='word_1_174' title='bbox 606 2645 688 2740; x_wconf 90' lang='lat' dir='ltr'>post</span> <span class='ocrx_word' id='word_1_175' title='bbox 714 2648 810 2719; x_wconf 86' lang='lat' dir='ltr'>hunc</span> <span class='ocrx_word' id='word_1_176' title='bbox 836 2648 960 2717; x_wconf 89' lang='lat' dir='ltr'>veniat</span> <span class='ocrx_word' id='word_1_177' title='bbox 985 2646 1156 2739; x_wconf 85' lang='lat' dir='ltr'>superbiae</span> <span class='ocrx_word' id='word_1_178' title='bbox 1182 2641 1346 2738; x_wconf 87' lang='lat' dir='ltr'>spiritus,</span> <span class='ocrx_word' id='word_1_179' title='bbox 1375 2665 1377 2669; x_wconf 86' lang='lat'>·</span> 
     </span>
     <span class='ocr_line' id='line_1_24' title="bbox 281 2743 1350 2841; baseline -0.002 -24"><span class='ocrx_word' id='word_1_180' title='bbox 281 2745 390 2817; x_wconf 87' lang='lat' dir='ltr'>inde</span> <span class='ocrx_word' id='word_1_181' title='bbox 382 2764 463 2840; x_wconf 87' lang='lat' dir='ltr'>nae,</span> <span class='ocrx_word' id='word_1_182' title='bbox 487 2744 571 2816; x_wconf 90' lang='lat' dir='ltr'>inde</span> <span class='ocrx_word' id='word_1_183' title='bbox 585 2743 751 2834; x_wconf 80' lang='lat' dir='ltr'>invidiae</span> <span class='ocrx_word' id='word_1_184' title='bbox 779 2746 860 2840; x_wconf 94' lang='lat' dir='ltr'>post</span> <span class='ocrx_word' id='word_1_185' title='bbox 875 2748 980 2819; x_wconf 85' lang='lat' dir='ltr'>etiarn</span> <span class='ocrx_word' id='word_1_186' title='bbox 998 2768 1098 2817; x_wconf 82' lang='lat' dir='ltr'>vanae</span> <span class='ocrx_word' id='word_1_187' title='bbox 1109 2748 1248 2841; x_wconf 82' lang='lat' dir='ltr'>gloriae,</span> <span class='ocrx_word' id='word_1_188' title='bbox 1276 2745 1350 2816; x_wconf 84' lang='lat' dir='ltr'>aiii-</span> 
     </span>
     <span class='ocr_line' id='line_1_25' title="bbox 284 2843 1348 2960; baseline 0.005 -46"><span class='ocrx_word' id='word_1_189' title='bbox 284 2864 354 2935; x_wconf 91' lang='lat' dir='ltr'>que</span> <span class='ocrx_word' id='word_1_190' title='bbox 380 2865 460 2917; x_wconf 91' lang='lat' dir='ltr'>cum</span> <span class='ocrx_word' id='word_1_191' title='bbox 491 2844 540 2914; x_wconf 88' lang='lat' dir='ltr'>eis</span> <span class='ocrx_word' id='word_1_192' title='bbox 572 2847 712 2935; x_wconf 87' lang='lat' dir='ltr'>plurimi</span> <span class='ocrx_word' id='word_1_193' title='bbox 740 2843 877 2960; x_wconf 78' lang='lat' dir='ltr'>spiritus</span> <span class='ocrx_word' id='word_1_194' title='bbox 911 2845 1092 2919; x_wconf 88' lang='lat' dir='ltr'>immundi</span> <span class='ocrx_word' id='word_1_195' title='bbox 1144 2845 1202 2916; x_wconf 79' lang='lat' dir='ltr'>isti</span> <span class='ocrx_word' id='word_1_196' title='bbox 1228 2861 1348 2919; x_wconf 88' lang='lat' dir='ltr'>autem</span> 
     </span>
     <span class='ocr_line' id='line_1_26' title="bbox 284 2935 1351 3035; baseline 0 -20"><span class='ocrx_word' id='word_1_197' title='bbox 284 2965 430 3034; x_wconf 86' lang='lat' dir='ltr'>omnes,</span> <span class='ocrx_word' id='word_1_198' title='bbox 455 2944 505 3015; x_wconf 90' lang='lat' dir='ltr'>ita</span> <span class='ocrx_word' id='word_1_199' title='bbox 520 2964 599 3017; x_wconf 89' lang='lat' dir='ltr'>eum</span> <span class='ocrx_word' id='word_1_200' title='bbox 616 2941 747 3018; x_wconf 88' lang='lat' dir='ltr'>infideli</span> <span class='ocrx_word' id='word_1_201' title='bbox 764 2949 878 3018; x_wconf 87' lang='lat' dir='ltr'>anima</span> <span class='ocrx_word' id='word_1_202' title='bbox 893 2935 1184 3035; x_wconf 76' lang='lat' dir='ltr'>meretricantur,</span> <span class='ocrx_word' id='word_1_203' title='bbox 1204 2958 1246 3016; x_wconf 90' lang='lat' dir='ltr'>ut</span> <span class='ocrx_word' id='word_1_204' title='bbox 1258 2948 1351 3016; x_wconf 85' lang='lat' dir='ltr'>alter</span> 
     </span>
     <span class='ocr_line' id='line_1_27' title="bbox 282 3043 1349 3139; baseline 0 -24"><span class='ocrx_word' id='word_1_205' title='bbox 282 3045 383 3115; x_wconf 75' lang='lat' dir='ltr'>alteri</span> <span class='ocrx_word' id='word_1_206' title='bbox 399 3064 475 3114; x_wconf 93' lang='lat' dir='ltr'>non</span> <span class='ocrx_word' id='word_1_207' title='bbox 498 3043 682 3137; x_wconf 87' lang='lat' dir='ltr'>invideat,</span> <span class='ocrx_word' id='word_1_208' title='bbox 704 3067 773 3118; x_wconf 90' lang='lat' dir='ltr'>nec</span> <span class='ocrx_word' id='word_1_209' title='bbox 794 3048 978 3139; x_wconf 79' lang='lat' dir='ltr'>zelotypia</span> <span class='ocrx_word' id='word_1_210' title='bbox 999 3056 1227 3117; x_wconf 88' lang='lat' dir='ltr'>moveantur·</span> <span class='ocrx_word' id='word_1_211' title='bbox 1235 3043 1304 3130; x_wconf 77' lang='lat' dir='ltr'>ad</span> <span class='ocrx_word' id='word_1_212' title='bbox 1293 3064 1349 3115; x_wconf 83' lang='lat'>111-</span> 
     </span>
     <span class='ocr_line' id='line_1_28' title="bbox 282 3141 1348 3237; baseline 0 -22"><span class='ocrx_word' id='word_1_213' title='bbox 282 3146 414 3216; x_wconf 90' lang='lat' dir='ltr'>vicem.</span> <span class='ocrx_word' id='word_1_214' title='bbox 465 3141 516 3214; x_wconf 85' lang='lat' dir='ltr'>Et</span> <span class='ocrx_word' id='word_1_215' title='bbox 532 3143 615 3233; x_wconf 92' lang='lat' dir='ltr'>quid</span> <span class='ocrx_word' id='word_1_216' title='bbox 631 3145 714 3219; x_wconf 87' lang='lat' dir='ltr'>dico</span> <span class='ocrx_word' id='word_1_217' title='bbox 734 3146 832 3237; x_wconf 92' lang='lat' dir='ltr'>quod</span> <span class='ocrx_word' id='word_1_218' title='bbox 851 3149 941 3216; x_wconf 77' lang='lat' dir='ltr'>aiter</span> <span class='ocrx_word' id='word_1_219' title='bbox 959 3146 1110 3217; x_wconf 85' lang='lat' dir='ltr'>alterum</span> <span class='ocrx_word' id='word_1_220' title='bbox 1129 3164 1206 3217; x_wconf 91' lang='lat' dir='ltr'>non</span> <span class='ocrx_word' id='word_1_221' title='bbox 1214 3146 1348 3222; x_wconf 84' lang='lat' dir='ltr'>e·xclu</span> 
     </span>
     <span class='ocr_line' id='line_1_29' title="bbox 282 3225 1349 3338; baseline -0.002 -23"><span class='ocrx_word' id='word_1_222' title='bbox 282 3241 368 3315; x_wconf 72' lang='lat' dir='ltr'>dat?</span> <span class='ocrx_word' id='word_1_223' title='bbox 394 3242 474 3314; x_wconf 88' lang='lat' dir='ltr'>lmo</span> <span class='ocrx_word' id='word_1_224' title='bbox 491 3242 695 3316; x_wconf 87' lang='lat' dir='ltr'>&amp;invitant</span> <span class='ocrx_word' id='word_1_225' title='bbox 710 3243 937 3338; x_wconf 81' lang='lat' dir='ltr'>seinvicem,</span> <span class='ocrx_word' id='word_1_226' title='bbox 964 3243 998 3316; x_wconf 76' lang='grc' dir='ltr'>ὄι</span> <span class='ocrx_word' id='word_1_227' title='bbox 1014 3243 1148 3338; x_wconf 90' lang='lat' dir='ltr'>sponte</span> <span class='ocrx_word' id='word_1_228' title='bbox 1155 3225 1190 3314; x_wconf 81' lang='lat' dir='ltr'>se</span> <span class='ocrx_word' id='word_1_229' title='bbox 1207 3263 1349 3314; x_wconf 87' lang='lat' dir='ltr'>conuo-</span> 
     </span>
     <span class='ocr_line' id='line_1_30' title="bbox 283 3339 1396 3459; baseline 0.004 -46"><span class='ocrx_word' id='word_1_230' title='bbox 283 3356 387 3427; x_wconf 88' lang='lat' dir='ltr'>cant</span> <span class='ocrx_word' id='word_1_231' title='bbox 415 3342 504 3413; x_wconf 78' lang='lat' dir='ltr'>licut</span> <span class='ocrx_word' id='word_1_232' title='bbox 518 3344 629 3438; x_wconf 90' lang='lat' dir='ltr'>paulo</span> <span class='ocrx_word' id='word_1_233' title='bbox 643 3359 726 3416; x_wconf 87' lang='lat' dir='ltr'>ante</span> <span class='ocrx_word' id='word_1_234' title='bbox 736 3347 807 3436; x_wconf 88' lang='lat' dir='ltr'>jam</span> <span class='ocrx_word' id='word_1_235' title='bbox 827 3339 1347 3459; x_wconf 36' lang='lat' dir='ltr'>diximua·,qupd1nEvange·</span> <span class='ocrx_word' id='word_1_236' title='bbox 1394 3399 1396 3403; x_wconf 26' lang='grc' dir='ltr'>ψ</span> 
     </span>
     <span class='ocr_line' id='line_1_31' title="bbox 281 3439 1443 3557; baseline -0.001 -40"><span class='ocrx_word' id='word_1_237' title='bbox 281 3444 334 3517; x_wconf 87' lang='lat' dir='ltr'>lio</span> <span class='ocrx_word' id='word_1_238' title='bbox 358 3439 595 3533; x_wconf 89' lang='lat' dir='ltr'>scriptumest</span> <span class='ocrx_word' id='word_1_239' title='bbox 616 3443 660 3515; x_wconf 90' lang='lat' dir='ltr'>de</span> <span class='ocrx_word' id='word_1_240' title='bbox 679 3444 743 3515; x_wconf 89' lang='lat' dir='ltr'>illo</span> <span class='ocrx_word' id='word_1_241' title='bbox 763 3443 902 3535; x_wconf 87' lang='lat' dir='ltr'>spiritu</span> <span class='ocrx_word' id='word_1_242' title='bbox 928 3446 987 3534; x_wconf 90' lang='lat' dir='ltr'>qui</span> <span class='ocrx_word' id='word_1_243' title='bbox 1005 3445 1093 3514; x_wconf 82' lang='lat' dir='ltr'>exiit</span> <span class='ocrx_word' id='word_1_244' title='bbox 1110 3445 1152 3516; x_wconf 87' lang='lat' dir='ltr'>ab</span> <span class='ocrx_word' id='word_1_245' title='bbox 1174 3441 1345 3557; x_wconf 80' lang='lat' dir='ltr'>homine,</span> <span class='ocrx_word' id='word_1_246' title='bbox 1439 3475 1443 3498; x_wconf 91' lang='lat'><em>·</em></span> 
     </span>
     <span class='ocr_line' id='line_1_32' title="bbox 283 3539 1348 3636; baseline 0.004 -24"><span class='ocrx_word' id='word_1_247' title='bbox 283 3541 318 3612; x_wconf 73' lang='lat' dir='ltr'>ot</span> <span class='ocrx_word' id='word_1_248' title='bbox 337 3539 508 3636; x_wconf 81' lang='lat' dir='ltr'>regreffus</span> <span class='ocrx_word' id='word_1_249' title='bbox 529 3542 677 3615; x_wconf 81' lang='lat' dir='ltr'>adduxit</span> <span class='ocrx_word' id='word_1_250' title='bbox 699 3542 814 3615; x_wconf 90' lang='lat' dir='ltr'>secum</span> <span class='ocrx_word' id='word_1_251' title='bbox 837 3540 970 3636; x_wconf 86' lang='lat' dir='ltr'>septem</span> <span class='ocrx_word' id='word_1_252' title='bbox 991 3543 1080 3614; x_wconf 83' lang='lat' dir='ltr'>aiios</span> <span class='ocrx_word' id='word_1_253' title='bbox 1100 3543 1292 3633; x_wconf 88' lang='lat' dir='ltr'>nequiores</span> <span class='ocrx_word' id='word_1_254' title='bbox 1311 3542 1348 3616; x_wconf 88' lang='lat' dir='ltr'>se</span> 
     </span>
     <span class='ocr_line' id='line_1_33' title="bbox 282 3637 1345 3737; baseline 0.002 -25"><span class='ocrx_word' id='word_1_255' title='bbox 282 3637 444 3732; x_wconf 86' lang='lat' dir='ltr'>spiritus,</span> <span class='ocrx_word' id='word_1_256' title='bbox 470 3640 561 3713; x_wconf 87' lang='lat' dir='ltr'>utin</span> <span class='ocrx_word' id='word_1_257' title='bbox 580 3662 652 3714; x_wconf 89' lang='lat' dir='ltr'>una</span> <span class='ocrx_word' id='word_1_258' title='bbox 676 3646 789 3715; x_wconf 85' lang='lat' dir='ltr'>anima</span> <span class='ocrx_word' id='word_1_259' title='bbox 806 3642 906 3714; x_wconf 75' lang='lat' dir='ltr'>simul</span> <span class='ocrx_word' id='word_1_260' title='bbox 928 3641 1140 3716; x_wconf 82' lang='lat' dir='ltr'>habitarent.</span> <span class='ocrx_word' id='word_1_261' title='bbox 1178 3639 1237 3712; x_wconf 87' lang='lat' dir='ltr'>Sic</span> <span class='ocrx_word' id='word_1_262' title='bbox 1257 3662 1345 3737; x_wconf 89' lang='lat' dir='ltr'>ergo</span> 
     </span>
     <span class='ocr_line' id='line_1_34' title="bbox 281 3741 1344 3835; baseline -0.002 -23"><span class='ocrx_word' id='word_1_263' title='bbox 281 3741 414 3812; x_wconf 84' lang='lat' dir='ltr'>nullam</span> <span class='ocrx_word' id='word_1_264' title='bbox 430 3742 651 3831; x_wconf 81' lang='lat' dir='ltr'>zelotypiam</span> <span class='ocrx_word' id='word_1_265' title='bbox 670 3741 869 3813; x_wconf 87' lang='lat' dir='ltr'>amatorum</span> <span class='ocrx_word' id='word_1_266' title='bbox 883 3741 1027 3813; x_wconf 87' lang='lat' dir='ltr'>suorum</span> <span class='ocrx_word' id='word_1_267' title='bbox 1044 3743 1179 3835; x_wconf 88' lang='lat' dir='ltr'>patitur</span> <span class='ocrx_word' id='word_1_268' title='bbox 1202 3741 1344 3835; x_wconf 84' lang='lat' dir='ltr'>anima,</span> 
     </span>
     <span class='ocr_line' id='line_1_35' title="bbox 281 3839 1344 3954; baseline 0.003 -46"><span class='ocrx_word' id='word_1_269' title='bbox 281 3859 359 3931; x_wconf 85' lang='lat' dir='ltr'>quae</span> <span class='ocrx_word' id='word_1_270' title='bbox 377 3840 597 3912; x_wconf 78' lang='lat' dir='ltr'>damonibus</span> <span class='ocrx_word' id='word_1_271' title='bbox 616 3839 806 3954; x_wconf 83' lang='lat' dir='ltr'>prostituta</span> <span class='ocrx_word' id='word_1_272' title='bbox 822 3840 882 3918; x_wconf 84' lang='lat' dir='ltr'>est.</span> <span class='ocrx_word' id='word_1_273' title='bbox 918 3842 954 3913; x_wconf 83' lang='lat' dir='ltr'>Si</span> <span class='ocrx_word' id='word_1_274' title='bbox 971 3861 1063 3912; x_wconf 84' lang='lat' dir='ltr'>vero</span> <span class='ocrx_word' id='word_1_275' title='bbox 1079 3841 1239 3952; x_wconf 81' lang='lat' dir='ltr'>legitimo</span> <span class='ocrx_word' id='word_1_276' title='bbox 1257 3861 1344 3911; x_wconf 86' lang='lat' dir='ltr'>eon-</span> 
     </span>
     <span class='ocr_line' id='line_1_36' title="bbox 277 3937 1343 4052; baseline 0.003 -43"><span class='ocrx_word' id='word_1_277' title='bbox 277 3939 398 4052; x_wconf 78' lang='lat' dir='ltr'>juntta</span> <span class='ocrx_word' id='word_1_278' title='bbox 380 3940 466 4009; x_wconf 84' lang='lat' dir='ltr'>asrt</span> <span class='ocrx_word' id='word_1_279' title='bbox 498 3941 604 4029; x_wconf 84' lang='lat' dir='ltr'>viro,</span> <span class='ocrx_word' id='word_1_280' title='bbox 645 3940 695 4011; x_wconf 87' lang='lat' dir='ltr'>illi</span> <span class='ocrx_word' id='word_1_281' title='bbox 719 3941 818 4010; x_wconf 89' lang='lat' dir='ltr'>viro</span> <span class='ocrx_word' id='word_1_282' title='bbox 828 3944 927 4031; x_wconf 87' lang='lat' dir='ltr'>cujus</span> <span class='ocrx_word' id='word_1_283' title='bbox 959 3942 1189 4013; x_wconf 87' lang='lat' dir='ltr'>matrimonio</span> <span class='ocrx_word' id='word_1_284' title='bbox 1214 3937 1260 4008; x_wconf 85' lang='lat' dir='ltr'>Pa</span> <span class='ocrx_word' id='word_1_285' title='bbox 1263 3941 1343 4012; x_wconf 69' lang='lat' dir='ltr'>illus</span> 
     </span>
    </p>
   </div>
   <div class='ocr_carea' id='block_1_2' title="bbox 278 4037 1345 4207">
    <p class='ocr_par' dir='ltr' id='par_1_2' title="bbox 278 4037 1345 4207">
     <span class='ocr_line' id='line_1_37' title="bbox 278 4037 1345 4137; baseline 0.001 -27"><span class='ocrx_word' id='word_1_286' title='bbox 278 4040 412 4113; x_wconf 86' lang='lat' dir='ltr'>animas</span> <span class='ocrx_word' id='word_1_287' title='bbox 431 4039 668 4137; x_wconf 87' lang='lat' dir='ltr'>conjungit&amp;</span> <span class='ocrx_word' id='word_1_288' title='bbox 685 4038 820 4133; x_wconf 88' lang='lat' dir='ltr'>sociat,</span> <span class='ocrx_word' id='word_1_289' title='bbox 846 4040 935 4114; x_wconf 87' lang='lat' dir='ltr'>ficut</span> <span class='ocrx_word' id='word_1_290' title='bbox 954 4037 1077 4135; x_wconf 89' lang='lat' dir='ltr'>&amp;ipse</span> <span class='ocrx_word' id='word_1_291' title='bbox 1096 4040 1202 4112; x_wconf 87' lang='lat' dir='ltr'>dicit:</span> <span class='ocrx_word' id='word_1_292' title='bbox 1229 4039 1270 4106; x_wconf 84' lang='lat' dir='ltr'><em>S</em></span> <span class='ocrx_word' id='word_1_293' title='bbox 1260 4044 1345 4110; x_wconf 73' lang='lat' dir='ltr'>aaut</span> 
     </span>
     <span class='ocr_line' id='line_1_38' title="bbox 1207 4139 1298 4207; baseline -0.022 0"><span class='ocrx_word' id='word_1_294' title='bbox 1207 4139 1298 4207; x_wconf 57' lang='grc' dir='ltr'>(Ἅῇιῖ</span> 
     </span>
    </p>
   </div>
   <div class='ocr_carea' id='block_1_3' title="bbox 0 0 1714 4692">
    <p class='ocr_par' dir='ltr' id='par_1_3' title="bbox 0 0 1714 4692">
     <span class='ocr_line' id='line_1_39' title="bbox 0 0 1714 4692; baseline 0 1"><span class='ocrx_word' id='word_1_295' title='bbox 0 0 1714 4692; x_wconf 95' lang='lat' dir='ltr'> </span> 
     </span>
    </p>
   </div>
  </div>
 </body>
</html>
