3417 4692
445 471 447 475 ‚
494 411 868 506 snutraim
891 427 1173 508 EXODUM.
1284 451 1358 526 341

297 586 422 766 Potest
442 601 602 664 terrenus
627 589 715 666 festa
740 589 906 685 spiritalia
935 593 1137 684 celebrare,
1163 590 1218 664 uti
1242 597 1362 684 neque

314 689 462 782 piritalis
482 688 570 764 festa
589 705 742 769 terrena.
776 694 823 764 Et
831 692 897 789 pofl
914 713 1024 786 panca.
1052 690 1150 785 Quid
1168 689 1219 763 eii
1232 691 1356 766 meniis

296 787 511 863 novorum?
535 788 669 864 iratius
689 791 827 883 inquies
848 789 997 868 sensilem
1023 790 1198 866 Nondum
1209 791 1359 866 advenit
1436 861 1438 868 .

299 886 427 962 menis
450 908 656 982 novorum,
684 911 765 964 cum
784 893 937 985 exempli
963 890 1064 966 causa
1086 909 1199 972 annus
1219 892 1358 978 tardior

297 986 363 1061 est.
389 988 499 1082 Quod
521 988 544 1062 st
563 990 737 1081 ejusmodi
753 991 941 1081 aliquando
959 988 1148 1085 contingat
1158 1011 1295 1083 annus,
1316 1003 1358 1063 ot

294 1087 416 1162 nullos
446 1100 542 1160 terra
561 1087 693 1163 fruetus
722 1090 837 1183 ferat,
870 1112 956 1169 num
973 1089 1162 1186 poilumus'
1178 1089 1216 1162 in
1238 1087 1357 1164 menia

294 1206 481 1260 novorum
502 1188 594 1260 diam
616 1188 741 1262 festum
768 1211 895 1286 agere,
928 1190 1016 1264 sicut
1033 1189 1204 1282 proecepit
1229 1188 1355 1262 Deus?

296 1305 386 1380 ergo
407 1285 546 1379 singulis
569 1289 667 1360 annis
691 1287 816 1361 festum
838 1289 1106 1383 percolendum.
1157 1287 1261 1361 Subit
1279 1309 1354 1359 rur·

292 1383 351 1458 sus
374 1384 480 1458 etiam
502 1384 717 1460 desecanda
738 1390 837 1484 loge,
865 1387 1151 1480 quae‘secundam
1170 1389 1354 1462 celebrita-

294 1498 371 1560 tem
385 1481 535 1578 speitat,
562 1485 752 1566 dubitatio.
804 1489 870 1561 Ait
884 1489 996 1585 enim:
1026 1488 1242 1564 celebritatem
1252 1484 1355 1578 meffn

287 1588 466 1684 primarum
475 1584 619 1679 fingam.
672 1585 707 1658 Si
724 1588 800 1677 quis
819 1585 986 1679 seminet,
1012 1609 1083 1660 neo
1097 1587 1218 1678 primae
1232 1585 1353 1682 fruges

293 1682 535 1779 proveniant,
561 1686 620 1758 sed
642 1687 859 1781 noviiiimae,
885 1688 914 1759 is
938 1686 1077 1761 initium
1096 1685 1207 1760 meffis
1227 1685 1353 1780 prima-

291 1797 372 1856 rum
388 1782 529 1878 frugum
544 1785 726 1880 celebrato
737 1808 814 1860 non
827 1787 978 1880 poterit,
1026 1785 1066 1858 N
1068 1783 1182 1868 eoeiie
1195 1787 1289 1859 enim
1301 1783 1365 1860 est'

282 1882 431 1964 nabere
446 1897 483 1954 te
502 1883 643 1980 fruges,
670 1898 710 1962 ut
730 1883 856 1972 festum
876 1907 981 1982 agere
1003 1885 1117 1980 pollis.
1172 1886 1270 1984 Quid
1288 1905 1352 1958 ve·

260 2031 262 2038 ι
291 2002 358 2074 ro,
384 1981 540 2078 flagrum
555 2005 631 2056 non
650 1985 788 2079 habeo,
813 1985 1000 2078 quomodo
1018 1983 1230 2068 festumhoc
1248 2005 1352 2082 agere

291 2095 457 2176 potero,
484 2104 564 2162 cum
589 2082 759 2177 scriptura
784 2085 905 2162 dicat:
933 2087 980 2158 Et
995 2085 1230 2174 solemnitatem
1250 2081 1351 2176 maffia

287 2185 467 2280 primarum
480 2183 613 2278 frugum
622 2185 727 2276 facies
745 2206 868 2280 opernm
888 2201 1034 2272 tuorum,
1058 2209 1251 2282 quecumque
1263 2185 1351 2268 fami·

291 2290 423 2352 noveris
443 2288 571 2378 inagna
595 2281 675 2355 ruo?
700 2283 791 2358 Non
808 2283 1004 2377 seminavi,
1036 2283 1248 2364 architectus
1263 2279 1348 2361 sum.

289 2380 381 2458 Non
397 2380 586 2478 seminavi,
611 2382 836 2464 tentorium:
864 2405 985 2480 agrum
1001 2383 1232 2476 nonhabeo,
1259 2403 1349 2475 quo·

288 2481 402 2558 modo
419 2480 557 2574 nomm
575 2483 725 2556 alterum
741 2479 869 2556 festum
892 2483 1030 2578 agarei
1055 2483 1157 2576 quod,
1168 2483 1255 2556 item
1274 2481 1350 2576 ipe·

289 2580 361 2658 tint
376 2583 419 2661 ad
440 2583 603 2658 tertium:
631 2581 914 2672 &solemnitatem
933 2583 1210 2677 consummationis
1227 2587 1263 2653 in
1282 2586 1348 2674 tarr]-

287 2698 326 2755 itt
347 2687 441 2756 anni.
990 2745 993 2752 .
1067 2717 1075 2730 ·
1238 2731 1242 2742 ·
1328 2741 1333 2756 .

365 2779 414 2853 Er
427 2780 489 2875 poli
503 2781 586 2852 alia:
614 2780 712 2882 Quid
728 2779 791 2854 fibi
811 2780 893 2866 vult
904 2777 1074 2874 scriptura
1090 2801 1172 2860 cum
1190 2777 1348 2854 celebra·
1442 2837 1445 2843 .

288 2902 413 2956 renos
432 2881 535 2986 jobet
565 2879 690 2954 festum
714 2900 924 2972 azymorum
940 2880 975 2952 in
992 2879 1112 2954 mense
1133 2877 1347 2970 novorum?

287 2981 448 3072 Depone
464 2994 626 3054 veterem
643 2981 823 3055 hominem
839 2999 921 3066 cum
937 2977 1069 3053 ritibus
1085 2978 1173 3054 suis:
1197 2978 1232 3051 tt
1252 2978 1347 3053 utin

287 3077 406 3156 menie
429 3100 613 3154 novorum
634 3075 893 3158 solemnitatem
917 3079 1105 3173 celebres,
1137 3092 1179 3172 tu
1199 3098 1346 3172 quoque

286 3202 409 3256 novus
426 3177 587 3264 efficere,
613 3193 654 3250 ut
667 3177 790 3252 meniis
802 3177 1018 3270 celebritatis
1030 3199 1236 3272 novorum,
1257 3189 1343 3268 tuna

286 3278 412 3355 mensis
435 3276 509 3359 fiat.
555 3277 753 3356 Noverunt
777 3277 894 3369 enim,
926 3297 1004 3352 non
1025 3291 1188 3354 veterum
1217 3275 1344 3370 mensis

287 3378 339 3458 est
363 3378 434 3458 itte.
490 3379 573 3484 Qua
595 3398 686 3474 ergo
711 3378 852 3458 ratione,
874 3399 1015 3458 novum
1037 3399 1184 3472 quoque
1204 3389 1243 3450 te
1266 3371 1344 3468 fieti

287 3476 508 3571 oportebit?
545 3475 634 3549 Cum
658 3472 920 3550 solemnitatum
950 3479 1108 3558 rationes
1138 3479 1344 3576 exploratae

284 3577 436 3652 haberet
460 3575 658 3672 Apostolus
683 3573 835 3670 Paulus,
878 3577 923 3650 de
946 3576 1038 3654 festo
1063 3597 1247 3654 novorum
1269 3576 1342 3647 ait‘:

285 3674 511 3774 &spoliantes
531 3701 587 3748 vos
613 3691 750 3748 veterem
780 3679 937 3748 hominem
958 3702 1025 3748 cum
1045 3675 1167 3750 aiiibus
1179 3676 1270 3767 suis,
1302 3678 1344 3750 θ’

285 3780 453 3847 induenter
463 3802 580 3848 nonum
594 3801 681 3866 tum,
698 3780 757 3875 qni
768 3795 948 3848 renovatur
962 3783 1000 3848 in
1014 3782 1222 3871 agnitionem,
1230 3777 1343 3863 secun·

282 3877 358 3948 dum
373 3881 535 3969 imaginem
549 3880 640 3976 ejus,
666 3881 721 3975 qui
740 3881 875 3955 creavit.
925 3876 980 3950 Ut
993 3876 1099 3972 igitur
1115 3873 1242 3950 festum
1259 3893 1341 3970 agas

282 3978 321 4050 in
347 3975 464 4050 mense
487 3997 694 4069 novorum,
726 3973 864 4049 neceiie
884 3976 955 4068 est,
986 3989 1028 4047 ut
1054 3996 1176 4049 novus
1210 3971 1275 4045 fias
1307 3972 1341 4045 δι

284 4095 430 4153 omnem
447 4075 603 4174 deponas
624 4075 849 4249 vetusta÷em
873 4091 876 4095 ’
900 4074 1041 4152 Deinde
1070 4093 1175 4168 quam
1195 4072 1345 4183 primam
1415 4157 1420 4162 ,

551 4223 553 4230 .
817 4194 838 4270 3
1178 4187 1181 4194 ·
1228 4189 1315 4264 ama
