3417 4692
328 421 407 514 348
545 453 547 462 ·
655 411 1067 498 O'RIGENIJS

322 599 418 656 inem
437 577 482 653 de
502 588 564 652 tua
584 599 691 655 corne
710 579 858 673 sensrsti,
886 600 948 654 cur
964 602 1043 658 non
1059 578 1264 656 intellexisti
1282 581 1393 658 etiem

333 682 483 754 emmam
500 678 544 752 de
559 694 619 754 tua
635 681 749 756 anima
763 680 988 775 proceffilie‘i
1014 681 1050 754 Si
1066 679 1160 754 enim
1174 681 1391 773 omniaque

326 781 372 856 :in
385 793 424 852 te
439 791 541 852 mant
558 779 747 874 tradidiffi,
774 801 837 853 cur
853 802 930 854 non
948 782 1054 855 etiam
1067 780 1188 854 onimae
1203 779 1290 854 sacis
1305 799 1391 872 cum

324 878 469 954 ·caeteris
487 879 729 973 mentionem,
756 901 833 973 quae
850 882 978 956 melior
994 880 1108 953 totius
1130 878 1285 956 hominis
1304 899 1390 974 pars

286 1031 292 1062 ‚
324 975 411 1053 fests
433 979 508 1052 Sed
523 979 828 1074 videttnperhaec
844 980 1124 1079 intelligentibus
1140 978 1311 1056 indicium
1327 978 1390 1052 da·
1418 1049 1422 1058 ,

330 1098 391 1171 re,
418 1079 516 1170 qnod
530 1099 610 1153 cum
630 1078 735 1168 dicit,
764 1087 808 1153 Os
820 1083 856 1153 dt
870 1077 978 1171 ffbus
992 1085 1086 1170 meir,
1111 1075 1150 1154 (7
1161 1105 1231 1152 caru
1244 1079 1281 1150 dt
1291 1103 1391 1152 sumt

330 1181 416 1265 uria,
443 1199 520 1269 quae
536 1178 580 1252 de
595 1192 691 1254 terra
704 1178 782 1254 sont
794 1179 853 1254 sun
870 1179 939 1254 essle
956 1175 1140 1272 profiteri,
1160 1200 1238 1252 non
1251 1177 1387 1253 audere

330 1299 425 1352 vero
443 1276 502 1352 sua
518 1278 661 1370 dicere,
687 1301 764 1373 que
781 1279 846 1366 scit
862 1301 938 1353 non
957 1279 1029 1354 elle
1044 1279 1088 1352 de
1106 1292 1211 1354 terra.
1261 1278 1332 1352 Sed
1353 1278 1390 1352 dt

330 1377 455 1454 Laban
466 1378 621 1456 similiter
639 1401 720 1456 cum
730 1381 818 1454 dicit
831 1380 875 1455 ad
885 1381 1020 1477 Jacob,
1046 1379 1386 1471 quoniunosmeum,

329 1478 371 1554 ss
385 1502 455 1549 caru
471 1503 536 1564 meu
552 1502 583 1550 cs
597 1493 653 1566 tu,
679 1501 748 1555 nec
764 1478 837 1575 ipse
853 1481 1003 1574 amplius
1020 1478 1151 1571 aliquid
1169 1476 1313 1552 videtur
1326 1499 1386 1550 au-

329 1578 415 1652 dere
430 1576 528 1651 suum
550 1579 692 1672 dicere,
717 1580 779 1668 nisi
804 1581 901 1672 quod
920 1592 1072 1653 terrenae
1090 1576 1159 1652 elle
1178 1575 1387 1673 consangui·

319 1677 452 1754 uitatis
469 1677 639 1774 agnoscit.
672 1679 757 1755 Atia
771 1681 902 1776 quippe
917 1679 970 1754 est
986 1681 1178 1754 animarum
1194 1679 1383 1772 cognatio,

328 1780 479 1871 quaevel
494 1779 608 1873 Jacob
622 1777 849 1856 descendenti
862 1781 900 1854 in
911 1778 1110 1876 AEgyptum
1127 1775 1303 1869 sociatur,
1321 1778 1387 1852 vel

326 1878 468 1952 ceteris
482 1878 714 1971 patriarchis,
742 1877 915 1954 &faustis
936 1877 999 1954 sub
1020 1877 1291 1954 enumeratione
1310 1898 1389 1972 my-

317 1976 655 2071 ·sticrtposteritetis
673 1975 895 2056 adscribitur.
945 1978 1017 2053 Sed
1035 1979 1093 2071 qui
1104 1977 1262 2054 vicinum
1280 1989 1387 2049 terrae

322 2079 539 2172 navigantes
570 2078 712 2152 servare
749 2077 978 2172 disposuimus
1012 2075 1172 2168 cursum,
1207 2075 1241 2148 &
1272 2073 1384 2169 ipsam

287 2251 289 2256 .
326 2175 594 2276 quodammodo
609 2197 707 2252 oram
721 2178 854 2252 littoris
870 2175 1062 2275 stringere,
1086 2178 1125 2251 in
1139 2178 1249 2250 altum
1261 2174 1384 2250 nescio

321 2275 516 2365 ¹quomodo
547 2275 720 2353 crudarum
752 2297 822 2352 nos
858 2278 1059 2352 violentior
1092 2275 1192 2350 ustus
1227 2274 1384 2350 abducit.

324 2371 524 2452 Redeunus
536 2377 643 2474 igitur
656 2377 700 2450 ad
716 2398 779 2470 ea,
800 2399 877 2470 quae
894 2378 1177 2469 consequenter,
1194 2374 1382 2450 adduntur.

321 2511 324 2528 =
399 2498 434 2562 4.
462 2482 616 2548 Mortuus
639 2477 709 2576 efl,
743 2477 884 2571 inquit,
924 2479 1045 2576 Jojeph
1066 2476 1105 2554 U
1132 2500 1234 2546 amnes
1256 2476 1387 2567 fratrer

325 2580 419 2674 ejus,
444 2575 484 2654 U
508 2584 610 2647 omnis
630 2583 793 2670 generatio
821 2581 884 2650 isa.
937 2580 1020 2650 Filii
1040 2595 1143 2650 nutem
1164 2575 1259 2663 lsrael
1282 2601 1389 2646 creva-

300 2721 304 2728 ·
326 2693 406 2749 runt
418 2669 461 2754 'o
476 2676 683 2775 multiplicati
696 2679 798 2768 sunt,
824 2676 863 2756 di
879 2685 916 2751 in
927 2679 1135 2754 multitudiue
1151 2700 1263 2769 magna
1278 2675 1382 2770 diffuss

227 2774 233 2799 “
319 2778 422 2867 funt,
448 2775 717 2856 &invaluerunt
735 2780 872 2852 multum
896 2780 1018 2851 ualde:
1054 2779 1281 2873 multiplicavit
1301 2783 1385 2845 enim

322 2880 390 2950 ilos
406 2893 503 2950 terra.
528 2878 663 2952 Donec
681 2877 826 2952 viveret
840 2875 973 2972 Joscph
987 2899 1063 2952 non
1078 2876 1253 2966 refertur,
1278 2876 1378 2965 quod

322 2978 549 3072 multiplicati
573 2978 706 3051 fuerint
729 2973 792 3051 lilii
814 2977 939 3070 lsrael,
975 3000 1044 3052 nec
1073 2977 1202 3068 aliquid
1230 2977 1381 3049 omnino

321 3080 359 3153 in
376 3078 431 3152 his
446 3078 490 3152 de
504 3078 699 3174 augmentis
717 3077 750 3150 dt
765 3077 1019 3153 numerositate
1035 3089 1264 3152 memoratur.
1297 3073 1380 3172 Ego

300 3165 475 3252 ‘credens
491 3177 612 3253 verbis
636 3177 786 3250 Domini
808 3178 876 3252 mei
902 3178 983 3270 Jesu
1003 3177 1156 3269 Christi,
1191 3177 1229 3248 in
1246 3177 1324 3272 lege
1344 3175 1381 3248 dt

318 3276 513 3368 Prophetis
538 3276 614 3350 iota
638 3275 907 3367 quidemunum
927 3290 1118 3352 autunum
1144 3276 1281 3369 apicem
1302 3296 1379 3348 non

237 3465 239 3478 Ι
321 3388 413 3470 puto
430 3375 499 3450 elle
515 3375 688 3468 mysteriis
705 3397 882 3470 vacuum,
905 3398 972 3451 nec
988 3392 1078 3472 puto
1097 3375 1228 3468 aliquid
1247 3375 1379 3448 horum

320 3476 466 3574 tranire
486 3474 605 3569 polle,
632 3476 749 3550 donec
765 3478 884 3550 omnia
903 3472 1002 3552 fiant
1051 3479 1189 3552 Verum
1209 3475 1377 3567 quoniam

321 3576 457 3674 exiguae
477 3576 680 3669 capacitatis
698 3574 833 3670 sumus,
857 3597 898 3650 ea
912 3597 1008 3650 ntrnc
1021 3590 1158 3652 tantum
1178 3573 1376 3669 pulsemus,

320 3678 447 3772 quibus
468 3678 578 3750 tutius
599 3676 813 3752 incedamus.
863 3675 1067 3768 Antequam
1090 3689 1292 3752 moreretur
1308 3695 1376 3748 no·

315 3778 388 3853 ster
413 3774 567 3871 Joscph,
593 3779 652 3850 ille
676 3776 735 3867 qui
758 3773 938 3868 distrastus
962 3776 1014 3852 est
1035 3778 1181 3873 triginta
1201 3775 1374 3870 argenteis

260 3927 268 3976 ,
318 3880 363 3951 ab
384 3898 459 3952 uno
479 3899 522 3950 ex
541 3876 708 3949 fratribus
730 3873 797 3948 suis
817 3875 926 3969 Juda,
954 3876 1059 3960 valde
1077 3877 1180 3969 pauci
1196 3890 1298 3948 erant
1313 3869 1374 3947 filii

314 3975 432 4052 lsrael.
485 3974 574 4050 Cum
596 3996 688 4050 vero
716 3994 785 4067 pro
811 3977 975 4050 omnibus
1003 3975 1158 4072 gustavit
1189 3989 1373 4064 mortem,

260 4098 383 4227 ¹pet
408 4099 512 4175 quam
529 4075 701 4154 destruxit
725 4095 806 4162 eum
828 4078 911 4171 qui,
940 4073 1096 4156 habebat
1117 4078 1245 4188 mortis
1267 4077 1375 4167 impe

1206 4194 1320 4267 rrum,
