3417 4692
442 390 510 468 tu
531 390 816 514 pnuusru
840 387 1093 472 uonrtn
1118 373 1219 470 xtu‘
1296 398 1366 493 ,σς

303 571 383 626 rum
404 553 586 645 parabitur
604 557 706 632 cibus
722 610 735 649 ‚
768 577 838 632 nec
856 555 946 630 lade
964 556 1158 650 nutrieris,
1190 577 1265 647 quo
1288 577 1367 650 par·

302 652 381 724 vuli
396 653 627 753 nutriuntur,
654 656 712 730 sed
731 657 840 729 saciet
861 657 926 730 tibi
940 655 1095 729 minister
1114 656 1219 729 verbi
1238 658 1367 730 convi-

304 752 405 824 vium
425 774 600 848 magnum.
652 757 839 848 Loquetur
853 759 915 830 tibi
930 752 1152 852 sapientiam,
1179 777 1256 846 quae
1270 758 1365 830 inter
1429 829 1433 846 ,

301 850 484 946 perfestos
501 854 711 948 profertur,
746 855 950 950 sapientiam
965 856 1035 935 Dei
1062 857 1098 927 in
1116 854 1285 948 mysterio
1307 858 1366 930 ab·
1433 885 1435 890 ·

302 948 500 1026 sconditarn
524 953 689 1047 proferet
709 956 798 1048 tibi,
826 977 930 1047 quan
947 975 1054 1028 nemo
1074 953 1274 1049 principum
1301 958 1365 1029 hu·

299 1050 358 1143 jus
380 1048 492 1123 saeculi
510 1057 699 1150 cognovit.
752 1053 946 1131 Revelabit
963 1055 1028 1128 tibi
1051 1051 1226 1126 Christum
1244 1054 1365 1127 secuna

302 1149 501 1242 dumnoc,
530 1154 629 1245 quod
657 1156 694 1228 in
719 1176 764 1229 eo
787 1176 913 1229 omnes
934 1153 1086 1227 thesauri
1105 1150 1303 1247 sapientia,
1330 1153 1366 1227 dc

303 1246 458 1322 scientia
472 1250 668 1326 absconditi
681 1254 770 1328 sunt.
821 1251 946 1328 Faciet
964 1274 1051 1349 ergo
1069 1251 1135 1328 tibi
1150 1253 1365 1328 convivium

301 1369 487 1442 magnum,
523 1349 645 1445 &ipse
670 1368 789 1427 tecum
812 1354 1036 1446 epulabitur,
1062 1352 1086 1430 st
1109 1364 1146 1428 te
1166 1371 1243 1426 non
1262 1351 1364 1424 inve·
1428 1381 1436 1390 ·

301 1448 378 1520 niat
400 1449 536 1542 talem,
564 1465 605 1529 ut
627 1453 722 1526 dicat
742 1454 831 1546 tibi,
866 1454 947 1546 quia
971 1477 1038 1524 non
1058 1453 1152 1548 potui
1169 1450 1256 1522 vobis
1274 1452 1365 1547 loqui

300 1548 385 1645 quast
405 1550 627 1646 spiritalibus,
646 1554 700 1640 sed
720 1555 805 1654 quast
829 1553 1032 1640 carnalibus,
1066 1569 1220 1649 tunquam
1238 1571 1364 1646 paron·

301 1652 342 1718 lis
368 1654 404 1717 in
426 1650 548 1746 curisti
567 1652 614 1724 lac
632 1654 718 1721 vobis
741 1671 849 1750 potunt
876 1653 963 1738 dedi,
989 1677 1057 1724 non
1076 1651 1180 1740 esiam,
1234 1649 1361 1730 Corin·

300 1744 385 1821 thiis
402 1746 476 1821 hoc
499 1750 604 1844 dicit,
632 1754 759 1845 quibus
783 1751 953 1832 &addita
984 1756 1059 1826 Cum
1084 1757 1167 1821 enim
1184 1750 1257 1848 finr
1274 1756 1362 1838 inter
1388 1835 1395 1844 =

300 1872 359 1917 vos
372 1856 609 1944 contentiones,
635 1850 674 1927 (5
690 1848 907 1946 moriones,
934 1876 1039 1923 nonne
1055 1850 1295 1945 carnalesellis,
1321 1845 1362 1926 θ’

297 1949 462 2037 secundum
485 1954 639 2025 neminem
662 1948 863 2028 ambulatis?
894 1951 969 2024 Istis
991 1973 1066 2024 non
1088 1949 1177 2024 fecit
1195 1954 1362 2044 mag'num

303 2048 515 2120 convivium
540 2048 691 2146 Paulus,
728 2052 762 2131 in
789 2064 956 2143 tantum,
987 2066 1029 2123 ut
1054 2071 1135 2123 curn
1158 2047 1246 2122 esset
1267 2047 1361 2141 apud

302 2165 388 2236 eos,
416 2146 450 2218 &
477 2164 619 2243 egeret,
645 2152 734 2238 ntuli
757 2152 860 2230 oneri
883 2148 994 2242 esset,
1019 2172 1088 2229 nec
1108 2170 1235 2249 panem
1251 2148 1359 2244 gratie

301 2246 345 2317 ab
369 2245 766 2336 aliquo'manducareta
793 2250 851 2329 sed
868 2249 930 2326 fibi
955 2250 988 2323 ta
1013 2252 1207 2340 omnibus,
1236 2249 1293 2339 qui
1310 2245 1360 2319 se·
1437 2297 1445 2316 ,

302 2352 383 2440 cunr
405 2360 530 2434 erant,
557 2349 664 2427 nodie
685 2349 792 2426 &die
807 2352 1012 2428 laborantes
1029 2369 1151 2422 mantas
1175 2346 1241 2420 suae
1258 2347 1359 2420 mini-

298 2442 461 2520 strarent.
499 2446 590 2521 Tam
607 2469 694 2543 ergo
711 2452 819 2544 longe
836 2451 985 2523 aberant
1001 2445 1201 2539 Corinthii,
1231 2446 1358 2537 quibus

295 2563 462 2638 magnum
486 2549 698 2620 convivium
717 2539 854 2637 fieret‚'
871 2560 913 2624 ut
927 2569 974 2619 ne
994 2548 1176 2624 minimum
1194 2545 1357 2638 quidem,

297 2643 364 2715 vel
381 2646 547 2739 exiguum
570 2647 663 2741 apud
679 2667 742 2719 eos
760 2646 973 2740 praedicator
992 2647 1095 2720 verbi
1111 2645 1181 2718 Dei
1194 2646 1358 2736 potuerit

298 2742 433 2816 habere
460 2749 683 2824 convivium.
738 2748 812 2844 Qui
836 2765 928 2820 vero
954 2743 1070 2816 sciunt
1092 2744 1214 2816 audire
1242 2742 1358 2834 perfe-

301 2840 408 2932 dtius,
436 2845 496 2933 qui
518 2847 726 2917 eruditos&
745 2847 963 2917 exercitatos
980 2844 1023 2920 ad
1041 2841 1251 2914 audiendum
1275 2861 1358 2911 ver·

297 2944 384 3018 burn
394 2942 465 3014 Dei
476 2943 642 3018 deserunt
653 2943 788 3037 sensus,
815 2939 935 3016 istisfit
947 2963 1110 3036 magnum
1127 2938 1357 3013 convivium:

300 3062 381 3114 cum
400 3042 470 3114 istis
487 3047 650 3136 epulatur
668 3044 779 3135 Isaac,
808 3043 935 3123 &uon
954 3040 1066 3116 solum
1086 3042 1271 3133 epulatur,
1298 3037 1359 3111 sed

299 3139 493 3237 &surgens
516 3164 596 3216 curn
617 3144 821 3235 juramento
846 3142 897 3222 eis
919 3163 1044 3234 pacem
1065 3140 1111 3214 de
1128 3139 1257 3213 suturis
1273 3158 1360 3230 pro·

298 3241 420 3315 mittit.
473 3241 626 3316 Oramus
650 3264 736 3339 ergo
755 3242 874 3320 &nos
890 3243 951 3319 tali
965 3253 1106 3333 mente,
1133 3237 1196 3312 tali
1212 3234 1282 3310 side
1302 3257 1359 3310 ac·

298 3340 428 3414 cedere
449 3342 491 3413 ad
512 3342 721 3415 audiendum
740 3345 894 3421 verbum
912 3340 1011 3432 Dei,
1041 3354 1083 3412 ut
1104 3339 1226 3414 facere
1251 3335 1358 3411 nobis

297 3439 464 3535 dignetur
478 3443 689 3517 convivium
706 3462 883 3537 magnum.
933 3439 1114 3532 Sapientia
1129 3439 1222 3510 enim
1230 3438 1360 3536 jugula·

296 3547 353 3612 vit
369 3542 483 3638 hostias
493 3543 588 3631 suas,
615 3542 741 3625 miscuit
761 3548 798 3612 in
815 3543 1064 3611 noseredinum
1076 3539 1191 3628 suum,
1215 3541 1253 3613 U
1273 3535 1359 3634 mtsst

291 3627 404 3729 servas.
413 3642 503 3730 suas,
533 3643 594 3733 qui
620 3661 745 3726 omnes
769 3651 953 3731 quotquot
971 3638 1203 3728 invenerint,
1230 3635 1359 3728 perdu-

298 3755 382 3811 cant
398 3742 439 3812 ad
459 3742 670 3814 convivium
692 3737 801 3812 suum.
852 3736 1012 3812 Tantum
1025 3735 1095 3832 est,
1120 3749 1163 3808 ut
1179 3734 1213 3807 δι
1227 3735 1360 3806 nosin·
1392 3819 1406 3830 1,

296 3839 394 3934 gressi
416 3842 626 3913 convivium
644 3839 831 3931 Sapientiae
853 3857 929 3909 non
949 3836 1082 3910 rursum
1100 3833 1286 3909 nobiscum
1308 3833 1360 3906 in-

297 3940 466 4011 dumenta
482 3939 686 4032 inspientiae
699 3936 918 4027 deferamus,
942 3957 1017 4009 non
1028 3933 1246 4008 infidelitatis
1257 3929 1361 4005 veste

296 4040 528 4133 circumdati,
555 4061 631 4112 non
653 4053 889 4133 pcccatorum
912 4037 1057 4110 maculis
1078 4032 1220 4109 sulcati:
1248 4031 1361 4108 sedin

792 4135 824 4207 R
850 4159 874 4226 4
1180 4132 1315 4225 sabuli·
1375 4143 1380 4150 '
1405 4193 1414 4213 ,
