3417 4692
334 421 408 496 412
656 399 697 476 ’0
722 396 799 476 R·I
822 396 915 476 G-li
939 399 980 478 N
1003 399 1069 480 IS

334 564 459 640 sinon
487 561 671 655 desrnant,
704 560 764 637 sed
782 562 993 660 perfistaut,
1028 564 1108 637 audi
1134 565 1219 656 quid
1247 565 1410 657 posthac

336 678 611 740 murmurantem
643 665 815 756 populum
843 663 1091 762 consequatur.
1141 665 1184 738 ln
1213 664 1410 740 Numero·

335 783 415 836 rum
431 762 523 834 libro
541 762 715 856 refertur,
741 763 840 854 quod
856 763 889 836 u
905 763 941 837 in
958 760 1026 837 suis
1043 758 1223 856 scripturis
1237 767 1409 838 retexuit

336 860 535 954 Apostolus
556 863 698 934 dicens:
725 867 837 959 Neque
854 867 1152 947 murmuraveritis,
1174 864 1254 956 ficut
1269 866 1408 962 quidam

336 985 439 1033 etrum
451 978 754 1048 murmuraverunt,
778 961 818 1036 t‘s
831 990 850 1032 a
864 959 1059 1054 serpentibus
1070 968 1248 1056 perierunt.
1292 963 1408 1036 Mur.
1453 1021 1456 1026 .

335 1075 535 1136 mutantem
561 1061 732 1152 populum
757 1075 956 1136 venenatus
983 1062 1021 1134 in
1041 1081 1164 1136 eremo
1196 1059 1406 1154 depascitur

335 1159 549 1253 serpentium
567 1159 714 1234 morsus.
761 1160 957 1234 Videamus
984 1181 1084 1254 nos,
1114 1161 1177 1252 qni
1201 1163 1277 1234 haec
1300 1163 1406 1234 audi·

335 1280 436 1352 mus,
460 1280 528 1334 nos
542 1258 705 1351 inquam,
730 1278 799 1348 pro
813 1259 940 1352 quibus
956 1261 1083 1351 scripta
1096 1256 1193 1334 sunt:
1217 1260 1286 1332 illis
1302 1262 1406 1338 enim

336 1359 380 1433 ad
396 1357 656 1436 comestionem
673 1355 764 1430 sacia
785 1358 884 1451 sunt,
909 1359 1037 1452 scripta
1050 1357 1132 1432 sunt
1148 1371 1266 1432 autem
1287 1381 1404 1454 prop·

337 1471 496 1552 ternos,
512 1463 549 1527 in
564 1459 921 1553 quorfinersaecusorum
937 1461 1141 1530 devenerunt.
1189 1458 1317 1530 Sinon
1340 1459 1405 1532 de-

334 1558 476 1632 sinimus
496 1577 741 1647 murmurare,
767 1558 790 1632 sr
813 1579 889 1632 non
912 1555 1083 1631 cessamus
1108 1578 1128 1629 a
1150 1558 1302 1647 querelis
1328 1579 1403 1630 nr>
1460 1529 1465 1592 ¹

333 1653 435 1738 stris,
462 1677 547 1748 quas
567 1657 773 1746 frequenter
792 1659 961 1731 habemus
977 1654 1143 1730 adversus
1160 1656 1302 1746 Deum,
1328 1657 1401 1730 ob
1459 1611 1465 1722 ¹

333 1753 530 1848 servemur,
547 1777 595 1828 ne
609 1756 716 1830 finite
729 1754 937 1830 offensionis
948 1758 1168 1828 incurramus
1178 1755 1398 1846 exemplum.
1460 1757 1464 1768 '

333 1853 479 1930 Etenim
506 1876 585 1929 cum
607 1856 652 1928 de
677 1857 756 1928 coeli
784 1853 1033 1951 intemperie,
1059 1853 1107 1928 de
1123 1852 1400 1928 infecunditate

333 1953 535 2047 fruetuum,
569 1956 614 2028 de
642 1955 787 2028 raritate
812 1955 1005 2045 imbrium,
1032 1952 1077 2026 de
1098 1951 1397 2046 prosperitatibus

334 2055 501 2147 aliorum,
527 2054 618 2127 &de
633 2055 783 2128 aliorum
797 2053 1084 2145 improsperitate
1104 2050 1298 2143 causamur,
1319 2051 1399 2126 hoc

334 2153 386 2226 est
399 2150 565 2225 adversus
583 2154 700 2225 Deum
715 2172 872 2226 murmur
887 2153 1066 2227 attollere.
1115 2149 1188 2224 Sed
1204 2152 1279 2224 haec
1291 2151 1397 2224 initia

332 2251 545 2326 habentibus
569 2248 781 2345 ignoscitur3
817 2253 852 2322 in
879 2272 943 2323 eos
969 2270 1091 2341 vero,
1123 2252 1282 2342 quinon
1307 2247 1397 2326 desa-
1462 2257 1467 2326 l

332 2365 444 2441 nunt,
471 2351 629 2445 graviter
646 2349 861 2422 vindicatur.
886 2349 1086 2422 Mittuntur
1101 2370 1253 2440 namque
1268 2351 1307 2422 in
1325 2370 1395 2422 eos

331 2450 534 2541 serpentes,
560 2448 685 2541 idest,
711 2450 899 2524 immundis
925 2448 1104 2541 spiritibus
1124 2448 1314 2522 traduntur
1332 2470 1396 2520 ve·

331 2547 536 2639 nenatisque
553 2549 794 2640 demonibus,
821 2550 878 2641 qui
904 2570 969 2621 eos
986 2548 1158 2621 morsibus
1176 2547 1332 2620 occultis
1350 2567 1395 2620 ac

332 2649 526 2722 latentibus
537 2649 728 2741 perimant,
754 2662 860 2739 atque
875 2649 1024 2720 internis
1040 2647 1073 2718 ἃ
1089 2647 1183 2719 intra
1203 2647 1322 2718 cordis
1337 2667 1401 2738 pe-

329 2749 479 2822 netralia
502 2750 676 2822 conclusis
695 2748 976 2843 cogitationibus
995 2744 1188 2819 absumant.
1240 2744 1311 2818 Sed
1328 2748 1395 2819 ob·

331 2846 433 2923 secro
454 2869 554 2940 vos,
587 2848 723 2941 prosmt
742 2848 846 2920 nobis
871 2843 1047 2937 praemissae
1070 2844 1311 2936 correptionis
1336 2866 1397 2916 ex·

332 2948 470 3040 empla:
501 2947 646 3021 illorum
673 2968 798 3039 poena,
824 2945 1027 3020 emendatio
1045 2942 1165 3016 nostra
1187 2945 1238 3016 stt.
1291 2943 1396 3016 Dicit

332 3047 428 3120 enim
442 3045 568 3139 Deus,
596 3047 676 3136 quia
695 3048 809 3116 andivi
826 3052 1103 3115 murmurationem
1117 3045 1260 3130 filiorum
1285 3043 1395 3124 Israel.

330 3146 473 3219 Videtis
491 3148 661 3236 quianon
676 3146 766 3218 latet
783 3143 902 3218 Deum
916 3143 1149 3216 murmuratio
1168 3140 1308 3214 nostra:
1335 3162 1396 3215 au·

332 3243 386 3317 dit
400 3247 520 3318 omnia
535 3244 568 3318 u
584 3244 682 3336 quod
695 3265 772 3318 non
791 3242 905 3318 statim
921 3243 1043 3335 punit,
1069 3242 1316 3334 poenitentiam
1328 3261 1397 3314 no·

330 3341 408 3418 strae
425 3342 672 3418 conversionis
694 3340 881 3434 exspebiat.

411 3463 441 3532 5.
467 3441 538 3514 Sed
554 3442 637 3534 quid
658 3444 739 3536 post
756 3444 831 3516 haec
848 3443 1038 3516 recitatum
1056 3438 1139 3514 esti
1179 3444 1306 3528 Dixit,
1339 3439 1394 3513 in·

331 3542 430 3633 quit,
460 3546 615 3614 Dominus
631 3544 671 3613 ud
689 3541 848 3634 Moysen:
880 3539 959 3616 Erre
980 3565 1029 3634 egi
1047 3541 1156 3635 pluam
1180 3540 1271 3609 vobis
1293 3559 1393 3634 penes

330 3645 365 3714 de
381 3643 472 3728 creso,
497 3638 536 3716 (5
548 3644 648 3713 exilit
663 3644 812 3736 populus,
838 3639 877 3716 (s
897 3644 1012 3733 rosiget
1034 3646 1134 3710 unius
1149 3639 1213 3710 diei
1234 3646 1273 3708 in
1291 3641 1393 3727 diem,

329 3759 370 3813 rit
382 3756 498 3813 rentem
511 3744 594 3830 isos,
610 3742 640 3837 st
656 3742 823 3812 ambulant
838 3751 876 3810 in
891 3744 1046 3833 deremet,
1070 3764 1115 3810 an
1132 3763 1209 3809 non.
1264 3739 1313 3808 Et
1326 3743 1391 3809 erit

271 3857 279 3866 “
330 3848 369 3914 in
382 3846 429 3914 die
437 3843 547 3932 sexti,
571 3842 752 3937 parabunt,
770 3833 975 3937 quodcumque
990 3841 1184 3925 intulerint,
1199 3839 1237 3915 (5
1251 3847 1316 3906 erit
1334 3841 1392 3907 dir·

327 3944 414 4040 psum
424 3944 629 4037 quidcumque
642 3943 828 4030 intulerint,
845 3943 1066 4037 quotidianum
1080 3946 1120 4008 iu
1134 3939 1192 4011 die.
1219 3934 1300 4032 Ego
1317 3936 1392 4028 qui-

332 4041 413 4116 dem
431 4040 615 4137 superbae
632 4037 803 4134 scriptura
823 4041 933 4116 velim
951 4037 1069 4137 primo
1091 4059 1171 4111 cum
1186 4035 1316 4208 Judppis
1334 4037 1394 4109 ha-

268 4163 330 4225 h
1282 4154 1344 4209 ere
