3417 4692
406 367 475 473 IN¹
500 367 783 446 GENESIM
808 366 1088 445 HOMILIA
1113 365 1208 446 xm.
1286 385 1355 458 157

298 549 361 602 rea
388 545 475 625 ergo
498 529 742 630 deprecandus
766 530 817 604 est
837 531 945 605 nobis
966 533 1058 625 ille,
1095 533 1155 628 qui
1185 529 1273 604 dicit
1291 549 1357 624 per

298 630 539 724 prophetam:
574 633 651 702 Ecce
668 657 717 726 ego
739 633 818 702 deleo
827 635 911 725 ficut
926 632 1036 700 nalem
1056 636 1247 727 iniquitates
1266 647 1357 718 ruas,

248 775 252 782 ·
300 732 430 824 &fisus
446 730 607 823 caliginem
617 741 741 826 pastura
758 749 824 807 rua.
873 727 1018 802 Etcum
1035 730 1212 803 deleverit
1230 749 1357 802 omnes

299 827 387 900 istos
406 828 443 900 in
459 842 497 900 te
512 831 680 923 colores,
708 833 766 922 qui
788 851 834 902 ex
850 827 941 902 sucis
958 831 1099 912 malitia
1120 829 1245 922 sumpti
1261 828 1356 922 sunt,

296 941 389 998 tunc
403 924 643 1021 resplendebit
660 932 698 1002 in
714 945 751 1002 te
766 929 884 1024 imago
898 931 979 1022 illa,
1006 949 1116 1020 quaa
1135 929 1220 1000 Deo
1238 933 1357 1000 ereata

300 1027 364 1101 est.
415 1026 528 1100 Vides
543 1023 651 1123 ergo,
674 1030 860 1120 quomodo
881 1029 1011 1100 divina
1024 1028 1203 1119 scripturas
1221 1027 1356 1099 formas

301 1126 477 1200 inducunt
492 1127 524 1198 u
537 1124 686 1223 figuras,
713 1130 840 1220 quibus
858 1128 901 1200 ad
922 1127 1141 1222 agnitionem
1159 1128 1219 1197 vel
1231 1147 1358 1220 purga-

301 1227 440 1298 tionem
453 1223 502 1297 sui
516 1227 630 1300 anima
648 1227 833 1301 doceatur.
887 1227 953 1300 Vis
968 1226 1083 1298 adhuc
1098 1223 1247 1298 &aliam
1258 1226 1357 1297 vide·

301 1345 342 1395 re
356 1323 506 1398 sormam
519 1326 622 1418 hujus
635 1325 821 1424 imaginis?
836 1325 927 1399 Sunt
942 1326 1100 1418 quadam
1115 1327 1248 1413 sirene,
1271 1344 1356 1414 quas

301 1422 403 1496 Deus
425 1421 564 1518 scribit,
606 1427 763 1517 quadam
782 1427 923 1518 literae,
963 1446 1048 1517 quas
1071 1445 1142 1497 nos
1163 1422 1358 1497 scribimus.

302 1519 447 1594 Peccati
474 1524 594 1597 literas
614 1547 683 1598 nos
702 1525 895 1599 scribimus.
956 1523 1056 1597 Audi
1070 1523 1286 1618 Apostolum
1309 1523 1360 1594 di-

304 1637 468 1694 centem:
496 1625 634 1713 Belem,
661 1625 796 1718 inquit,
822 1626 901 1722 quid
919 1625 1083 1708 aduersum
1097 1649 1153 1693 nos
1169 1643 1239 1696 erar
1253 1625 1358 1692 chirs-

299 1722 454 1815 graphan
467 1725 505 1792 s'ss
516 1725 662 1812 decretis,
687 1726 767 1822 quod
786 1742 858 1795 erat
877 1729 1072 1794 contrarium
1087 1723 1195 1802 neiis,
1222 1725 1301 1791 tulis
1319 1723 1359 1790 il·

302 1821 360 1892 lud
373 1823 409 1892 de
426 1823 537 1910 medio,
562 1823 691 1918 affigens
707 1826 782 1896 ilud
798 1830 885 1896 cruci
895 1823 970 1914 sua.
996 1819 1093 1896 Istud
1105 1823 1246 1914 quidem
1259 1818 1359 1913 quod

305 1919 394 1991 dicit
413 1921 715 2018 chirographum,
748 1939 982 2018 peccatorum
1005 1921 1211 1994 nostrorum
1235 1921 1357 1992 cautio

303 2019 384 2096 suit.
435 2017 689 2116 Unusquisque
711 2023 843 2096 etenim
864 2021 1050 2108 nostrum,
1079 2024 1116 2092 in
1133 2022 1188 2093 his
1206 2042 1282 2112 qnae
1299 2019 1358 2092 de·

304 2119 453 2212 linquit,
479 2119 629 2193 efficitur
645 2122 809 2216 debitor,
836 2121 1020 2214 &peccati
1032 2119 1081 2192 sui
1090 2121 1210 2193 literas
1226 2120 1359 2194 scribit.

306 2219 403 2316 Quia
422 2218 663 2314 &injudicio
682 2221 775 2316 Dei,
810 2221 908 2313 quod
933 2222 1068 2292 Daniel·
1082 2218 1275 2292 consedisse
1298 2219 1358 2289 de·

304 2315 452 2410 scribit,
477 2319 590 2394 libros
613 2322 700 2394 dicit
722 2333 888 2415 apertos,
913 2319 986 2392 fine
1002 2320 1111 2391 dubio
1129 2322 1188 2410 qui
1210 2333 1360 2409 peccata

306 2416 491 2490 hominum
509 2421 750 2495 continerent.
785 2419 866 2494 Hos
881 2438 967 2514 ergo
983 2419 1043 2510 ipsr
1060 2421 1165 2489 nobis
1180 2419 1360 2488 scribimus

305 2535 371 2609 per
384 2536 447 2610 ea,
474 2539 550 2609 quae
561 2520 805 2610 delinquimus.
855 2517 971 2610 Hujus
988 2520 1080 2588 enim
1095 2517 1191 2586 rei&
1205 2517 1263 2587 illa
1277 2517 1361 2587 ima·

304 2613 440 2711 guest,
475 2621 605 2708 quain
624 2616 824 2713 Evangelio
848 2618 977 2689 dicitur
995 2617 1039 2688 de
1056 2616 1181 2686 villico
1199 2615 1362 2704 iniquita·

306 2715 375 2806 tis,
401 2714 461 2806 qui
477 2718 519 2789 ad
535 2737 824 2809 unumquenque
844 2717 1044 2788 debitorem
1062 2715 1167 2785 dicit:
1193 2719 1303 2804 Accipe
1318 2717 1374 2782 ii-.

307 2829 392 2886 seras
409 2833 498 2903 ruas,
525 2815 563 2892 (Ἰ
573 2818 681 2906 sedens
689 2818 788 2906 scribe
802 2815 977 2909 oiiogrrrro,
1003 2813 1194 2902 decaetero,
1222 2834 1361 2902 quaere-

305 2911 484 2989 feruntur.
535 2917 649 2989 Vides
666 2937 775 3012 ergo,
803 2917 884 3006 quia
903 2914 1094 3005 unicuique
1109 2912 1256 3001 dicitur,
1283 2917 1363 2982 acsi·

303 3031 344 3110 pe
362 3015 474 3083 literas
489 3030 574 3087 ruas.
624 3017 732 3090 Unde
749 3015 888 3090 constat
899 3013 1036 3087 nostras
1057 3015 1175 3084 literas
1195 3027 1361 3103 peccato,

306 3111 426 3186 literas
446 3125 563 3187 autem
577 3115 648 3188 Dei
660 3113 791 3208 justitia
809 3115 921 3188 scribi.
973 3115 1028 3184 lta
1044 3112 1137 3184 enim
1150 3111 1245 3182 'dicit
1259 3111 1362 3206 Apo·

306 3209 436 3284 stolus:
469 3216 533 3286 Vos
549 3219 631 3285 enim
648 3215 717 3313 eflis
735 3215 854 3313 epistola
868 3216 989 3309 scripta
1006 3236 1070 3282 non
1087 3213 1266 3282 atramento
1276 3259 1288 3290 ,
1310 3211 1366 3300 sed

302 3311 426 3406 spirite
444 3315 508 3386 Dei
530 3319 607 3384 viui
620 3369 633 3408 ,
658 3341 724 3386 non
750 3323 785 3384 in
809 3314 919 3384 tabulis
943 3313 1091 3406 lapideis,
1112 3311 1166 3400 sed
1187 3315 1224 3379 in
1244 3308 1362 3383 tabulis

308 3412 408 3480 cordis
423 3416 611 3484 carnalibus.
664 3415 785 3487 Habes
801 3433 888 3509 ergo
905 3413 942 3483 in
959 3426 996 3483 te
1011 3414 1129 3483 literas
1150 3409 1245 3502 Dei,
1272 3411 1304 3482 d:
1321 3412 1361 3483 li-

309 3523 403 3582 teras
427 3511 577 3606 Spiritus
599 3512 714 3588 saneti.
766 3512 802 3586 Si
830 3533 923 3584 vero
949 3511 1158 3601 delinquas,
1193 3508 1266 3601 ipse
1294 3510 1361 3580 tibi

307 3610 501 3683 conscribis
512 3613 649 3703 peccati
666 3613 949 3707 chirographum.
974 3610 1045 3681 Sed
1058 3608 1160 3692 vide,
1182 3610 1262 3698 quia
1279 3629 1360 3681 cum

308 3707 414 3782 semel
437 3711 598 3785 accessisti
621 3713 661 3784 ad
687 3733 827 3783 crucem
848 3708 995 3801 Christi,
1024 3708 1116 3780 &ad
1133 3709 1276 3803 gratiam
1300 3710 1359 3778 ba·

308 3807 444 3901 ptismi,
472 3811 744 3906 chirographum
759 3826 858 3883 tuum
878 3810 972 3881 cruci
990 3807 1148 3898 affixum,
1176 3807 1260 3878 &in
1280 3805 1360 3878 son·

309 3919 348 3978 te
368 3909 528 4000 baptismi
549 3912 702 3984 deletum
722 3910 782 3987 est.
834 3908 924 3981 Non
946 3907 1116 3980 rescribas
1135 3906 1247 3990 ultra,
1282 3927 1359 3994 quae

309 4005 428 4080 deleta
447 4007 544 4104 sunt,
570 4032 638 4084 nec
652 4032 815 4104 repares,
843 4031 920 4101 quae
941 4009 1076 4083 abolita
1091 4004 1191 4102 sunt,
1216 4002 1306 4078 solas
1322 4006 1360 4079 in

361 4111 624 4203 origenesin.
657 4115 700 4192 V.
908 4110 941 4183 R
1273 4123 1318 4174 te
