3417 4692
356 421 433 494 μ4
642 393 1094 485 ¹ORlGENlS

358 562 421 634 ribi
436 558 492 657 ἱρή
507 558 643 654 idolum,
669 560 1024 657 nequefimilirudinem.
1074 558 1187 632 Aliud
1202 559 1255 633 est
1268 581 1366 656 ergo
1387 560 1436 634 ia·

360 680 444 734 cere
466 659 626 749 idolum,
651 661 744 732 aliud
765 658 1035 734 srmilitudinem.
1088 658 1138 731 Et
1157 660 1336 751 siquidem
1356 660 1437 734 Do·

292 809 308 848 x
359 759 476 837 minus
489 779 558 831 nos
575 759 617 830 ad
636 781 698 848 ea,
717 781 794 850 quae
807 758 1071 851 dicendasunt,
1088 758 1291 832 illuminare
1309 762 1437 855 digne-

358 873 441 951 tur,
465 879 535 954 ego
552 859 600 930 src
616 860 771 931 arbitror
784 857 1049 951 accipiendum,
1076 859 1196 951 quod,
1225 861 1339 933 verbi
1354 881 1436 934 cau·

356 957 416 1051 sa,
443 958 466 1031 sr
484 958 561 1049 quis
580 958 617 1029 in
634 960 799 1049 quolibet
817 961 966 1032 metallo
981 960 1078 1049 auri,
1096 960 1157 1030 vel
1180 961 1342 1053 argenti,
1373 961 1435 1032 vel

358 1059 469 1153 ligni,
494 1059 557 1130 vel
575 1058 700 1149 lapidis
719 1060 828 1131 faciat
841 1056 993 1150 sp'eciem
1009 1057 1245 1149 quadrupedis
1263 1059 1438 1151 alicujus,

359 1158 422 1229 vel
445 1157 641 1250 serpentis,
667 1161 730 1232 vel
750 1159 849 1249 avis,
876 1156 1055 1229 &statuat
1073 1159 1169 1228 illam
1190 1155 1436 1249 adorandam,

359 1278 438 1332 non
456 1257 621 1349 idolum,
656 1255 714 1329 sed
735 1257 996 1329 similitudinem
1021 1256 1121 1332 fecit.
1172 1258 1244 1328 Vel
1274 1258 1439 1332 etiamst

360 1356 534 1451 pirmram
552 1355 596 1426 ad
619 1356 693 1428 hoc
710 1355 821 1447 ipsum
841 1356 992 1444 statuat,
1018 1356 1248 1429 nihilominus
1272 1356 1441 1430 fimilitu·

362 1456 482 1529 dinem
506 1453 628 1528 fecille
646 1456 816 1528 dicendus
840 1454 902 1529 est.
953 1457 1094 1528 Idolum
1119 1477 1211 1528 vero
1234 1457 1325 1527 facit
1349 1459 1440 1549 illc,

363 1557 425 1647 qui
454 1552 645 1628 secundum
665 1554 884 1649 Apostolum
906 1555 1109 1647 dicentem,
1135 1556 1216 1645 quia
1240 1558 1360 1624 idolum
1384 1563 1440 1626 m·-

361 1655 415 1726 lril
431 1656 487 1753 efl,
514 1653 603 1728 facit
616 1658 715 1745 quod
727 1675 803 1728 non
819 1654 880 1727 cst.
932 1656 1029 1751 Quid
1046 1654 1095 1728 est
1107 1672 1225 1727 autem
1241 1657 1438 1744 quodnam

252 1772 255 1779 '
362 1753 441 1829 esti
466 1754 612 1846 Species
631 1777 732 1845 quam
749 1775 824 1827 non
838 1753 931 1826 vidit
948 1756 1098 1847 oculus,
1122 1752 1182 1826 sed
1194 1754 1265 1846 ipse
1279 1756 1344 1827 srbi
1360 1757 1440 1828 ani·

361 1875 443 1930 mus
461 1851 576 1950 fingit.
627 1855 744 1932 Verbi
764 1854 903 1949 gratia,
937 1854 1020 1926 uili
1042 1856 1119 1944 quis
1139 1854 1301 1926 humanis
1326 1876 1441 1928 mem·

362 1953 438 2026 bris
460 1969 568 2045 caput
588 1956 704 2044 canis,
739 1967 800 2028 aut
822 1953 941 2026 arietis
961 1953 1119 2044 formet,
1152 1954 1214 2050 uel
1236 1952 1378 2028 rursum
1401 1957 1441 2028 in

362 2073 440 2127 uno
465 2054 618 2126 hominis
640 2054 764 2127 habitu
792 2053 877 2124 duas
898 2053 1007 2132 facies
1029 2047 1160 2148 fingat,
1188 2066 1249 2124 aut
1272 2055 1439 2128 humano

294 2201 299 2218 .
362 2150 504 2246 pedori
536 2151 729 2241 postremas
764 2167 885 2242 partes
912 2153 994 2244 equi
1029 2170 1090 2224 aut
1114 2152 1216 2243 piscis
1251 2152 1438 2249 adjungat.

362 2250 456 2328 Haec
479 2249 514 2321 u
532 2250 576 2320 iis
600 2251 798 2341 similiaqui
822 2249 937 2340 iacit,
961 2273 1037 2324 non
1061 2251 1347 2341 similitudinem,
1376 2252 1439 2326 sed

364 2348 503 2422 idolum
524 2349 621 2423 facit.
672 2350 774 2424 Facit
796 2351 890 2422 enim
910 2354 1007 2440 quod
1031 2350 1204 2434 nonest,
1232 2374 1299 2423 nec
1326 2353 1440 2425 habet

365 2450 462 2522 aliud
483 2449 591 2524 simile
614 2449 674 2523 sui.
740 2447 789 2521 Et
811 2450 948 2521 idcirco
971 2453 1046 2525 lraec
1073 2449 1185 2524 sciens
1209 2450 1436 2543 Apostolum

367 2547 481 2643 dicit,
511 2557 587 2648 quia
606 2554 720 2623 idolum
735 2551 827 2625 nibil
842 2552 882 2650 est
902 2558 940 2620 iu
963 2554 1091 2623 inundo.
1140 2551 1230 2624 Non
1258 2553 1355 2625 enim
1379 2556 1440 2624 ali·

1312 2673 1384 2743 qua

368 2873 441 2952 γαρ
457 2845 549 2933 iro,
575 2844 632 2923 ior
650 2875 751 2950 monac
763 2848 916 2939 ι’χθυος,
943 2844 1204 2955 irrogando,
1226 2844 1360 2946 idaeis
1376 2847 1437 2924 dm

367 2965 597 3053 πχνεργιας,
613 2946 633 3023 ai
650 2943 927 3055 3⁴0⁶(waoech
941 2947 1116 3043 ὁμοιωμω.
1137 2939 1271 3024 alloni
1287 2942 1345 3031 da,
1366 2947 1438 3025 o‘oca

367 3047 595 3125 «ἰναπυπκσα
615 3039 719 3144 doxa
735 3078 850 3133 moira,
877 3051 921 3124 aiu
941 3050 979 3147 ἐξ
1000 3050 1230 3151 livonicorum
1248 3075 1437 3146 monacoru-

360 3171 467 3270 -ῖτως
501 3145 565 3226 οἷον
592 3148 868 3248 inanimamur
893 3180 940 3225 oo
970 3145 1054 3252 ζωον
1081 3148 1162 3224 dm
1183 3146 1352 3251 ἄνθρωπε
1376 3176 1438 3225 κτα

360 3275 487 3326 mu.
518 3311 520 3318 .

361 3481 372 3528 ς
717 3411 911 3524 Vnasao
937 3435 1084 3488 uovn.
1153 3503 1156 3508 Ι

312 3537 316 3556 ”
361 3557 386 3626 -Ξ
408 3581 410 3588 ·
429 3559 432 3564 ’
449 3552 532 3622 Nan
551 3549 655 3644 facies
682 3554 743 3624 ribi
767 3558 908 3646 idolum,
954 3550 1054 3652 nequc'
1073 3557 1167 3626 udins
1187 3545 1442 3642 fimilirudinenr.

361 3646 487 3726 mliud
512 3650 711 3728 idolum&
735 3657 827 3728 aliud
857 3656 1060 3730 similitudo,
1109 3655 1314 3727 Similitudo
1344 3656 1439 3727 enim

373 3749 426 3825 est
440 3748 599 3845 lipiscis,
627 3767 687 3824 aut
704 3757 962 3848 quadrupedia,
989 3771 1050 3826 aut
1062 3754 1177 3827 bestiae
1192 3755 1441 3827 simulachrum

296 3877 303 3896 ⁴
375 3863 453 3923 arte
470 3863 531 3921 aut
544 3849 727 3947 pingendo
743 3853 893 3944 feceris;
920 3857 1055 3928 idolum
1075 3874 1166 3927 vero
1184 3854 1350 3945 quicquid
1369 3855 1443 3925 ani-

297 3953 301 4020 l
373 3971 453 4028 mus
469 3963 515 4022 'ex
532 3951 609 4044 his,
636 3971 713 4043 quae
733 3957 901 4045 primario
922 3977 998 4028 non
1020 3953 1193 4041 existunt,
1221 3951 1338 4024 secum
1366 3952 1437 4046 ipse

359 4048 597 4126 ·efformarit:
631 4051 828 4143 cujusmodi
855 4056 966 4132 fuerit
991 4056 1141 4150 animal,
1169 4054 1267 4149 quod
1299 4056 1440 4130 mixtim

367 4147 862 4258 mmmdmmmmm
1371 4185 1374 4191 ²
