3417 4692
376 457 442 532 1m
697 419 1169 526 outotuls‘

372 609 549 708 temperent
558 605 755 694 referendum
765 605 1004 694 lamuelem&
1011 609 1247 700 becherellum
1256 591 1428 684 Seronato

372 735 447 806 rua..
494 708 648 780 Audiebat
662 723 766 780 autem
777 711 862 782 Sera
871 709 960 802 llum
972 710 1035 809 post
1046 709 1158 806 oflium
1171 711 1363 782 tabernaculi
1372 715 1425 800 [ui

368 814 433 914 μβ
449 811 621 883 Abrabam.
671 807 819 881 Discunt
838 809 1004 882 mulieres
1020 811 1190 904 exemplis
1210 812 1423 903 patriarche·

369 936 471 1003 nun,
509 908 662 999 discant,
695 910 861 998 inquam,
881 911 1059 985 mulieres
1082 908 1184 1008 sequi
1203 913 1303 984 viros
1327 910 1422 991 stroe.

368 1008 606 1104 Nequeenim
622 1009 694 1088 fine
713 1006 814 1084 causti
827 1005 1075 1102 erraterrat,
1103 1011 1201 1103 quod
1212 1010 1297 1082 Sara
1311 1009 1426 1084 stabat

367 1112 450 1214 post
469 1111 672 1202 Abraham,
696 1107 755 1182 sed
775 1120 816 1181 ut
832 1108 1098 1202 ostenderetur,
1125 1113 1206 1206 quia
1220 1111 1316 1183 virsr
1336 1131 1423 1202 pra·

369 1213 467 1286 cedit
484 1211 524 1282 ad
540 1209 757 1298 Dominum,
786 1206 881 1306 sequi
895 1213 1022 1286 mulier
1038 1209 1156 1284 debet.
1208 1211 1320 1312 Quod
1335 1211 1420 1282 dieo

367 1311 468 1400 sequi·
482 1310 613 1382 debere
627 1308 833 1402 mulierem,
859 1311 957 1384 ineo
979 1309 1084 1398 dico,
1110 1310 1134 1388 sr
1152 1310 1285 1388 adstare
1304 1312 1422 1386 virum

365 1413 464 1494 suum
486 1409 608 1487 videat
621 1407 714 1483 Deo.
768 1407 942 1502 Alioquin
959 1408 1182 1482 attendamus
1196 1411 1239 1482 ad
1258 1412 1421 1486 altiorem

365 1511 609 1605 intelligentiae
628 1507 793 1604 gradum,
822 1508 1025 1582 &dicamus
1040 1510 1157 1582 virum
1174 1511 1210 1582 in
1227 1510 1333 1587 uobis
1350 1507 1422 1584 elle.

364 1611 613 1694 rationabilem
630 1607 782 1700 sensum,
809 1609 1056 1700 &mulierem
1083 1629 1159 1700 quae
1173 1611 1206 1680 ei
1221 1611 1323 1686 velut
1336 1611 1421 1682 viro

364 1711 499 1790 sociata
513 1709 573 1796 est,
595 1729 736 1788 carnem
753 1709 919 1785 nostram.
946 1708 1122 1804 Sequatur
1138 1731 1224 1804 ergo
1238 1705 1419 1780 coensem·

353 1833 429 1906 ¹per
442 1810 689 1884 rationabilem
704 1807 853 1902 sensum²
867 1831 935 1887 nec
948 1810 985 1881 in
998 1811 1034 1880 id
1044 1829 1196 1898 unquam
1213 1808 1347 1880 delidiee
1358 1829 1419 1878 νε.
1452 1833 1457 1838 ·

363 1911 501 2000 uiator,
527 1922 568 1982 ut
585 1908 681 1980 carni
696 1910 731 1980 in
749 1910 909 2000 luxuria,
937 1908 1230 2000 &voluptatibus
1247 1906 1417 1998 fluitanti,

362 2013 400 2088 in
423 2009 596 2085 ditionem
619 2006 779 2083 redaelus
807 2006 1021 2098 obsequetur
1045 2008 1265 2079 rationabilis
1291 2005 1418 2078 sensus.

362 2109 486 2182 Stabat
511 2127 597 2200 ergo
621 2105 704 2178 Sara
729 2107 809 2201 post
831 2106 1022 2183 Abraham.
1079 2105 1205 2178 Sed&
1229 2106 1416 2198 mysticum

363 2207 494 2300 aliquid
518 2203 647 2279 sentire
674 2205 710 2278 in
737 2208 811 2281 hoc
833 2205 1012 2302 pollemus
1034 2207 1144 2299 loco,
1177 2206 1203 2279 ll
1232 2205 1416 2278 videamus

362 2308 549 2401 quomodo
581 2307 618 2380 in
643 2303 776 2381 Exodo
802 2307 1026 2402 praecedebat
1052 2307 1151 2378 Deus
1182 2306 1220 2377 iu
1247 2306 1416 2383 columne

360 2409 451 2504 ignis
472 2427 535 2499 per
553 2403 720 2500 nollem,
746 2409 829 2484 &in
849 2409 1016 2480 columna
1034 2407 1137 2478 nubis
1160 2425 1225 2504 per
1244 2405 1354 2478 diem:
1382 2406 1416 2477 be

359 2505 537 2602 synagoga
553 2505 699 2577 Domini
714 2507 924 2602 sequebatur
938 2505 1019 2598 post
1034 2506 1155 2601 ipsum.
1192 2505 1251 2575 Sic
1264 2526 1353 2601 ergo
1365 2504 1417 2576 io·

359 2608 485 2704 telligo
504 2605 669 2682 &Sarum
685 2603 864 2699 sequutum
876 2604 965 2698 elle,
993 2608 1053 2678 vel
1069 2603 1196 2678 stetille
1212 2604 1293 2698 post
1304 2605 1417 2680 Abre-

359 2707 452 2786 ham.
504 2705 602 2808 Quid
616 2703 697 2804 post
712 2699 787 2781 hac
800 2703 959 2779 dieitur?
991 2707 1158 2790 Etorant,
1185 2704 1323 2797 inquit,
1349 2729 1414 2774 am·

357 2807 392 2878 bo
415 2808 612 2904 presbyteri,
638 2807 670 2874 it
693 2807 733 2903 efl
753 2807 869 2895 senes,
908 2804 946 2881 (5
970 2805 1113 2900 pravella·
1138 2811 1176 2873 in
1199 2805 1301 2873 liebus
1328 2805 1411 2893 suis.

358 2909 541 3006 Quantum
574 2905 618 2978 ad
643 2919 781 2978 aetatem
809 2906 974 2996 corporis
1000 2907 1176 2997 pertinet,
1202 2905 1304 2978 multi
1330 2919 1415 2978 ente

355 3005 451 3100 ipsos
478 3006 778 3081 numerosioribus
810 3006 910 3077 annis
936 3005 1111 3077 duxerant
1144 3006 1277 3096 vitam,
1304 3026 1414 3078 nemo

355 3121 476 3180 tamen
491 3107 681 3205 presbyter
696 3107 892 3200 appellatus
908 3103 968 3176 est.
994 3105 1103 3176 Unde
1119 3103 1263 3176 videtur
1276 3125 1412 3182 nomen

355 3205 429 3283 hoc
443 3202 574 3376 dsunt?
593 3226 668 3282 non
687 3205 1119 3306 longavitotieratioue,
1152 3201 1211 3281 sed
1231 3205 1413 3283 maturita-

353 3305 440 3381 tisa
481 3307 527 3374 cri
556 3305 578 3382 i.

428 3426 462 3493 5.
478 3403 576 3504 Quid
588 3423 675 3500 ergo
689 3403 770 3500 post
785 3415 922 3479 tantum
940 3404 1296 3496 actaleconvtvionu
1312 3403 1411 3496 quod

354 3503 535 3578 Abraham
553 3503 764 3577 Domino&
785 3503 934 3600 Angelis
953 3504 1013 3577 sub
1038 3506 1168 3578 arbore
1185 3507 1329 3579 visionis
1350 3526 1412 3576 ex·

353 3601 501 3682 hibuit?
534 3601 815 3678 Proficiscuntur
837 3604 1008 3698 hospites.
1060 3607 1222 3678 Atratum
1239 3623 1343 3676 autem
1361 3607 1411 3674 dc·

354 3704 505 3787 lucebat,
531 3704 665 3796 inquit,
690 3730 762 3791 eas,
789 3705 826 3781 θ
846 3707 1022 3776 ambulalat
1047 3731 1115 3776 cum
1141 3711 1195 3778 eie.
1249 3710 1410 3782 Darninus
1449 3701 1453 3706 ’

350 3820 456 3878 autem
470 3805 574 3876 lixit:
603 3807 682 3874 Non
697 3805 796 3875 celabo
809 3806 971 3876 Abraham
982 3826 1110 3904 puerum
1126 3829 1242 3888 meum,
1269 3807 1345 3901 quil
1359 3829 1408 3897 ego

347 3901 478 3997 faciam.
534 3902 694 3976 Abraham
707 3923 813 3977 autem
825 3909 888 3996 fiet
910 3911 947 3976 in
966 3907 1090 4000 gemtem
1109 3930 1251 3996 maguam
1268 3904 1307 3980 (5
1329 3907 1407 3974 mul-

348 4020 436 4089 tam,
473 4001 513 4080 U
537 4004 752 4076 benedicentur
772 4009 807 4076 in
832 4007 894 4102 ipso
917 4031 1023 4075 omnes
1041 4023 1149 4098 gentes
1170 4023 1271 4082 terra.
1336 4007 1408 4076 Scio

297 4105 897 4217 ffl,qmpraec1'pietfilttssuts‚
923 4104 961 4186 U
979 4107 1234 4198 [emolumentur
1252 4109 1406 4193 Domini,

1327 4221 1365 4275 ut
