3417 4692
388 449 486 546 364'
709 443 1115 530 onlnans

387 606 630 704 Principibus,
656 607 692 684 dr
721 606 921 706 Pharisaers,
954 611 1140 701 quomodo
1165 630 1246 688 eum
1278 611 1442 692 traderet

389 723 538 801 accepta
552 709 712 802 pectmia.
762 707 871 786 Unde
888 709 972 784 mihi
990 710 1133 788 videtur
1146 731 1222 788 nou
1236 709 1305 792 effe
1317 733 1443 807 parvae

388 809 510 906 gratiae
524 807 722 905 intelligere
736 827 800 902 or,
826 809 925 901 quod
939 810 1053 902 aperit
1065 808 1187 901 Deus,
1212 810 1379 890 &intelli
1404 835 1442 888 e·

387 927 430 980 re
446 927 510 1001 os,
536 908 633 998 quod
645 909 758 998 aperit
777 908 951 983 diabolus.
1000 907 1091 984 Non
1105 907 1154 982 est
1165 910 1236 983 sine
1252 909 1358 988 sanai
1373 833 1440 1005 spi·

387 1006 478 1082 ritus
493 1008 604 1104 gretia
618 1008 819 1100 hujusmodi
829 1029 873 1080 ot
888 1009 1044 1084 &verba
1056 1007 1264 1088 discernere.
1290 1009 1340 1086 Et
1352 1011 1443 1084 ideo

386 1107 428 1182 in
453 1104 682 1184 divisionibus
706 1103 910 1202 spiritalium
936 1109 1127 1206 gratiarum
1159 1108 1298 1184 additur
1329 1110 1446 1202 etiem,

274 1279 276 1284 ,
387 1203 482 1298 hoc,
508 1207 606 1298 quod
620 1207 724 1280 datur
738 1207 946 1300 quibusdam
965 1207 1133 1284 discretio
1153 1205 1344 1302 spirituum.
1372 1209 1442 1292 tto

388 1327 438 1403 go
454 1301 615 1396 spiritalis
631 1303 682 1380 est
698 1308 831 1402 gratia,
850 1328 1035 1406 perquam
1054 1306 1192 1404 spiritus
1213 1305 1439 1402 discernitur,

387 1403 526 1482 ficut&
541 1407 622 1478 alibi
635 1404 852 1498 Apostolus:
881 1409 1013 1481 Probare
1020 1408 1198 1504 spirituali
1212 1432 1250 1477 ex
1267 1411 1441 1496 nectunt.

385 1503 565 1586 Sedncut
579 1503 679 1584 Deus
695 1507 808 1599 aperit
828 1505 1109 1600 nefandorum,
1130 1505 1181 1582 ita
1196 1521 1309 1599 puto,
1336 1507 1441 1599 quod

306 1619 329 1694 j
387 1603 424 1682 ἅ
445 1611 546 1680 aurea
567 1601 765 1682 sanctorum
789 1605 892 1686 Deua
912 1607 1046 1698 aperiat
1069 1605 1113 1681 ad
1131 1605 1304 1684 audienda
1321 1609 1439 1686 verba

246 1727 250 1738 ’
288 1703 293 1720 ”
387 1705 522 1784 divina.
592 1705 651 1782 bic
674 1705 768 1782 enim
789 1705 877 1786 dicit
895 1703 1012 1784 Esaias
1034 1703 1239 1801 Propheta:
1277 1709 1439 1784 uinum

384 1803 1441 2000 atii:tinini:'dinrssiztssziiisit

908 1931 920 1980 ι

340 2077 348 2098 ,
383 2000 500 2100 Agar:
529 2005 807 2100 Eruiditpureenr
818 2030 906 2104 eque
917 1959 1016 2083 viva:
1040 2004 1110 2082 Sed
1124 2003 1334 2082 &Helisaeut
1348 2003 1442 2084 Pto·

382 2103 494 2200 pheta
508 2100 611 2178 dicit:
637 2107 735 2200 Aperi
756 2108 892 2182 Domine
908 2107 1006 2176 melos
1021 2109 1132 2201 pueri,
1156 2121 1196 2176 tet
1209 2107 1334 2192 vidtur,
1357 2112 1440 2202 quia

380 2205 487 2316 plures
504 2201 658 2274 nobiseum
670 2203 750 2291 sunt
769 2230 865 2302 qnam
886 2229 954 2282 turn
971 2206 1175 2293 aduersarius
1226 2205 1274 2277 Er
1286 2211 1439 2302 aperuit,

383 2303 520 2394 lnquit,
555 2307 715 2376 Dominus
732 2308 833 2378 uultu
846 2310 953 2403 pueri,
980 2305 1017 2382 U
1039 2329 1100 2380 tcta
1117 2320 1204 2376 terres
1221 2328 1310 2376 reeens
1322 2305 1440 2402 pimus

382 2418 453 2478 erat
472 2403 655 2499 equitibus,
680 2400 719 2482 (Ἰ
736 2405 903 2493 curribus,
928 2407 1117 2505 auxiliisque
1139 2404 1310 2501 celestibus.
1363 2407 1440 2477 cie.

381 2502 505 2572 eumdar
522 2509 603 2575 enim
621 2505 775 2599 Angelum
793 2503 930 2580 Domini
947 2512 984 2576 in
1002 2510 1137 2576 circuitu
1156 2510 1338 2575 timentium
1354 2529 1440 2596 uer,

380 2618 420 2674 er
436 2605 625 2699 eripimus.
675 2603 805 2698 Aperit
816 2625 906 2706 ergo
921 2601 983 2703 (ut
995 2601 1168 2703 diximus)
1182 2603 1304 2696 Deus,
1330 2600 1437 2699 droa,

382 2701 557 2795 maures,
582 2703 780 2798 nocuos,
805 2706 1131 2797 utvelioquamur,
1159 2703 1218 2780 vel
1234 2723 1438 2798 cernamus,

380 2801 657 2886 velandiamus,
684 2825 761 2896 quae
771 2805 841 2878 Dei
854 2803 943 2880 sunt.
995 2803 1064 2882 Sed
1079 2801 1211 2878 &illud
1224 2823 1299 2878 non
1316 2802 1437 2882 otiose

381 2900 546 2995 accipio,
570 2903 667 2996 quod
684 2903 771 2980 dicit
785 2903 983 3002 Propheta:
1014 2906 1183 2988 Erudirm,
1208 2901 1340 2994 inquit,
1367 2906 1440 2980 n·-

380 3007 465 3074 mim'
485 3011 610 3102 aperuit
630 3005 712 3075 miii
732 3029 848 3076 aurem.
910 3003 996 3080 Hoc
1015 3003 1101 3082 mihi
1122 3001 1266 3076 videtur
1281 3002 1325 3076 ad
1341 3023 1437 3100 nos,

379 3100 509 3197 idest,
535 3106 772 3180 communiter
795 3104 837 3179 ad
860 3123 1003 3178 omnem
1025 3101 1094 3178 Dei
1111 3098 1304 3182 Ecclesrrm
1326 3104 1439 3194 perti·

379 3221 478 3276 nere.
528 3202 563 3274 Si
583 3203 676 3277 enim
689 3204 725 3276 in
738 3203 886 3277 Domini
905 3200 1108 3278 eruditione
1124 3199 1328 3294 versemur,
1353 3222 1437 3296 ape·

378 3299 595 3376 ritdmobir
607 3324 725 3378 aurern
742 3301 890 3377 Domini
901 3301 1069 3378 eruditio.
1094 3298 1329 3393 Aur-isvero,
1356 3321 1436 3392 quo

377 3419 444 3494 per
459 3400 695 3478 eruditionem
705 3401 852 3476 Domini
872 3400 1049 3494 aperitur,
1073 3420 1150 3474 non
1167 3398 1302 3492 semper
1312 3414 1438 3492 aperta

382 3498 455 3590 est,
482 3496 540 3574 sed
557 3501 745 3591 aliquando
763 3515 909 3595 aperta,
935 3500 1125 3592 aliquando
1141 3498 1256 3574 clausa
1273 3497 1333 3578 est.
1360 3495 1437 3574 Au·

379 3599 413 3674 di
430 3599 672 3695 legislatorem
691 3599 890 3676 dicentem-r
917 3603 970 3677 Νι
983 3604 1127 3694 receperis
1137 3602 1281 3672 audirem
1296 3621 1433 3676 uenum.

377 3697 572 3789 Siquando
591 3720 677 3797 ergo
695 3721 789 3774 vana
804 3700 995 3789 dicuntur,
1020 3697 1202 3789 siquando
1217 3699 1356 3791 inania,
1382 3699 1436 3772 in·

377 3812 484 3890 epta,
510 3800 649 3893 turpia,
671 3798 842 3897 profana,
867 3796 1009 3874 scelesta
1020 3796 1276 3891 proferuntur,
1294 3798 1355 3889 qui
1367 3818 1435 3890 no·¹

373 3902 432 3974 uit
457 3897 605 3975 Domini
632 3899 890 3990 eruditionem,
918 3896 1050 3970 claudit
1083 3918 1205 3990 auree,
1232 3894 1267 3970 dr
1297 3897 1436 3974 avertit

375 3995 556 4091 nuditum,
583 3997 615 4070 dr
631 3998 735 4074 dicit:
763 3999 828 4092 Ego
846 3998 1035 4094 areremficut
1043 3998 1159 4086 surdus
1178 4019 1244 4068 noer
1257 3999 1433 4088 audiebant,

368 4094 637 4199 ostentaturus,
664 4103 795 4205 quinon
808 4101 938 4202 aperuit
955 4121 986 4176 os
994 4096 1101 4187 suun·
1149 4093 1188 4176 si
1202 4096 1436 4272 wimti-
