<?xml version="1.0" encoding="UTF-8"?>
<!DOCTYPE html PUBLIC "-//W3C//DTD XHTML 1.0 Transitional//EN"
    "http://www.w3.org/TR/xhtml1/DTD/xhtml1-transitional.dtd">
<html xmlns="http://www.w3.org/1999/xhtml" xml:lang="en" lang="en">
 <head>
  <title>
</title>
<meta http-equiv="Content-Type" content="text/html;charset=utf-8" />
  <meta name='ocr-system' content='tesseract 3.04.00' />
  <meta name='ocr-capabilities' content='ocr_page ocr_carea ocr_par ocr_line ocrx_word'/>
</head>
<body>
  <div class='ocr_page' id='page_1' title='image "./operaomniasanct02unkngoog/operaomniasanct02unkngoog_0241.png"; bbox 0 0 3417 4692; ppageno 0'>
   <div class='ocr_carea' id='block_1_1' title="bbox 443 275 1483 454">
    <p class='ocr_par' dir='ltr' id='par_1_1' title="bbox 443 275 1483 454">
     <span class='ocr_line' id='line_1_1' title="bbox 443 275 1483 454; baseline -0.008 -15"><span class='ocrx_word' id='word_1_1' title='bbox 443 347 1223 450; x_wconf 79' lang='lat' dir='ltr'>marurmuuoumranr.</span> <span class='ocrx_word' id='word_1_2' title='bbox 1299 293 1371 454; x_wconf 69' lang='lat' dir='ltr'>m</span> <span class='ocrx_word' id='word_1_3' title='bbox 1440 275 1483 326; x_wconf 71' lang='lat'><strong><em>⁷</em></strong></span> 
     </span>
    </p>
   </div>
   <div class='ocr_carea' id='block_1_2' title="bbox 305 511 1463 1121">
    <p class='ocr_par' dir='ltr' id='par_1_2' title="bbox 305 511 1463 1121">
     <span class='ocr_line' id='line_1_2' title="bbox 306 511 1372 624; baseline 0.003 -31"><span class='ocrx_word' id='word_1_4' title='bbox 306 522 349 601; x_wconf 66' lang='lat' dir='ltr'><strong><em>U</em></strong></span> <span class='ocrx_word' id='word_1_5' title='bbox 365 524 516 615; x_wconf 82' lang='lat' dir='ltr'>adversus</span> <span class='ocrx_word' id='word_1_6' title='bbox 540 526 695 623; x_wconf 78' lang='lat' dir='ltr'>Christum</span> <span class='ocrx_word' id='word_1_7' title='bbox 719 531 795 624; x_wconf 68' lang='lat' dir='ltr'>ejus.</span> <span class='ocrx_word' id='word_1_8' title='bbox 845 519 895 597; x_wconf 84' lang='lat' dir='ltr'>Et</span> <span class='ocrx_word' id='word_1_9' title='bbox 918 511 1249 600; x_wconf 78' lang='lat' dir='ltr'>ideoadver&#39;santar</span> <span class='ocrx_word' id='word_1_10' title='bbox 1260 517 1372 596; x_wconf 81' lang='lat' dir='ltr'>otiam</span> 
     </span>
     <span class='ocr_line' id='line_1_3' title="bbox 305 622 1370 723; baseline -0.006 -26"><span class='ocrx_word' id='word_1_11' title='bbox 305 625 438 717; x_wconf 88' lang='lat' dir='ltr'>nobis,</span> <span class='ocrx_word' id='word_1_12' title='bbox 467 637 574 716; x_wconf 89' lang='lat' dir='ltr'>atque</span> <span class='ocrx_word' id='word_1_13' title='bbox 590 647 724 723; x_wconf 79' lang='lat' dir='ltr'>agones</span> <span class='ocrx_word' id='word_1_14' title='bbox 746 638 876 698; x_wconf 89' lang='lat' dir='ltr'>contra</span> <span class='ocrx_word' id='word_1_15' title='bbox 894 637 964 698; x_wconf 84' lang='lat' dir='ltr'>noa</span> <span class='ocrx_word' id='word_1_16' title='bbox 979 626 1013 697; x_wconf 76' lang='lat' dir='ltr'>dc</span> <span class='ocrx_word' id='word_1_17' title='bbox 1031 623 1226 697; x_wconf 72' lang='lat' dir='ltr'>certamina</span> <span class='ocrx_word' id='word_1_18' title='bbox 1246 622 1370 694; x_wconf 86' lang='lat' dir='ltr'>conci·</span> 
     </span>
     <span class='ocr_line' id='line_1_4' title="bbox 305 721 1370 818; baseline -0.002 -23"><span class='ocrx_word' id='word_1_19' title='bbox 305 737 396 798; x_wconf 85' lang='lat' dir='ltr'>tant.</span> <span class='ocrx_word' id='word_1_20' title='bbox 439 724 555 797; x_wconf 84' lang='lat' dir='ltr'>.Hinc</span> <span class='ocrx_word' id='word_1_21' title='bbox 574 724 608 797; x_wconf 69' lang='grc' dir='ltr'><strong>ἃ</strong></span> <span class='ocrx_word' id='word_1_22' title='bbox 627 724 828 818; x_wconf 81' lang='lat' dir='ltr'>Apostolus</span> <span class='ocrx_word' id='word_1_23' title='bbox 852 723 998 810; x_wconf 69' lang='lat' dir='ltr'>Christi,</span> <span class='ocrx_word' id='word_1_24' title='bbox 1026 727 1205 795; x_wconf 81' lang='lat' dir='ltr'>Luctantem</span> <span class='ocrx_word' id='word_1_25' title='bbox 1229 733 1291 814; x_wconf 56' lang='grc' dir='ltr'>ιβ,</span> <span class='ocrx_word' id='word_1_26' title='bbox 1315 721 1370 793; x_wconf 79' lang='lat' dir='ltr'>in·</span> 
     </span>
     <span class='ocr_line' id='line_1_5' title="bbox 306 822 1370 917; baseline -0.003 -21"><span class='ocrx_word' id='word_1_27' title='bbox 306 826 408 916; x_wconf 86' lang='lat' dir='ltr'>quit,</span> <span class='ocrx_word' id='word_1_28' title='bbox 434 824 522 894; x_wconf 74' lang='lat' dir='ltr'>nabis</span> <span class='ocrx_word' id='word_1_29' title='bbox 541 851 606 895; x_wconf 84' lang='lat' dir='ltr'>non</span> <span class='ocrx_word' id='word_1_30' title='bbox 626 825 792 915; x_wconf 79' lang='lat' dir='ltr'>adversum</span> <span class='ocrx_word' id='word_1_31' title='bbox 812 850 936 895; x_wconf 79' lang='lat' dir='ltr'>carnem</span> <span class='ocrx_word' id='word_1_32' title='bbox 961 822 1000 899; x_wconf 69' lang='lat' dir='ltr'><em>U</em></span> <span class='ocrx_word' id='word_1_33' title='bbox 1015 826 1220 917; x_wconf 75' lang='lat' dir='ltr'>fingumem,</span> <span class='ocrx_word' id='word_1_34' title='bbox 1244 823 1294 907; x_wconf 75' lang='lat' dir='ltr'>[ad</span> <span class='ocrx_word' id='word_1_35' title='bbox 1313 825 1370 893; x_wconf 82' lang='lat' dir='ltr'>ad·</span> 
     </span>
     <span class='ocr_line' id='line_1_6' title="bbox 305 920 1369 1023; baseline 0 -31"><span class='ocrx_word' id='word_1_36' title='bbox 305 926 431 1011; x_wconf 81' lang='lat' dir='ltr'>versum</span> <span class='ocrx_word' id='word_1_37' title='bbox 446 930 649 1022; x_wconf 80' lang='lat' dir='ltr'><em>principatus</em></span> <span class='ocrx_word' id='word_1_38' title='bbox 670 928 707 1004; x_wconf 68' lang='grc'>(9</span> <span class='ocrx_word' id='word_1_39' title='bbox 722 926 904 1023; x_wconf 73' lang='lat' dir='ltr'>potestates,</span> <span class='ocrx_word' id='word_1_40' title='bbox 930 927 969 1000; x_wconf 63' lang='grc' dir='ltr'><strong><em>ὅ</em></strong></span> <span class='ocrx_word' id='word_1_41' title='bbox 984 928 1097 993; x_wconf 77' lang='lat' dir='ltr'>muudi</span> <span class='ocrx_word' id='word_1_42' title='bbox 1108 925 1204 1019; x_wconf 78' lang='lat' dir='ltr'>hujus</span> <span class='ocrx_word' id='word_1_43' title='bbox 1225 920 1369 995; x_wconf 75' lang='lat' dir='ltr'>ret&#39;iarrs.</span> 
     </span>
     <span class='ocr_line' id='line_1_7' title="bbox 305 1019 1463 1121; baseline -0.001 -26"><span class='ocrx_word' id='word_1_44' title='bbox 305 1019 505 1115; x_wconf 85' lang='lat' dir='ltr'>Propterea</span> <span class='ocrx_word' id='word_1_45' title='bbox 537 1046 624 1120; x_wconf 86' lang='lat' dir='ltr'>ergo</span> <span class='ocrx_word' id='word_1_46' title='bbox 658 1026 878 1121; x_wconf 87' lang='lat' dir='ltr'>vigilandum</span> <span class='ocrx_word' id='word_1_47' title='bbox 910 1025 1015 1097; x_wconf 91' lang='lat' dir='ltr'>nobis</span> <span class='ocrx_word' id='word_1_48' title='bbox 1042 1021 1113 1114; x_wconf 86' lang='lat' dir='ltr'>est,</span> <span class='ocrx_word' id='word_1_49' title='bbox 1147 1023 1182 1095; x_wconf 81' lang='lat' dir='ltr'>dc</span> <span class='ocrx_word' id='word_1_50' title='bbox 1214 1019 1367 1094; x_wconf 69' lang='lat' dir='ltr'>sollicite</span> <span class='ocrx_word' id='word_1_51' title='bbox 1452 1059 1463 1110; x_wconf 71' lang='lat'>⁵.</span> 
     </span>
    </p>
   </div>
   <div class='ocr_carea' id='block_1_3' title="bbox 297 1123 1368 2014">
    <p class='ocr_par' dir='ltr' id='par_1_3' title="bbox 297 1123 1368 2014">
     <span class='ocr_line' id='line_1_8' title="bbox 306 1123 1368 1222; baseline -0.003 -28"><span class='ocrx_word' id='word_1_52' title='bbox 306 1123 502 1219; x_wconf 79' lang='lat' dir='ltr'>agendum,</span> <span class='ocrx_word' id='word_1_53' title='bbox 527 1131 601 1222; x_wconf 86' lang='lat' dir='ltr'>quia</span> <span class='ocrx_word' id='word_1_54' title='bbox 618 1126 821 1214; x_wconf 78' lang='lat' dir='ltr'>adversarius</span> <span class='ocrx_word' id='word_1_55' title='bbox 835 1124 954 1221; x_wconf 82' lang='lat' dir='ltr'>nofler,</span> <span class='ocrx_word' id='word_1_56' title='bbox 973 1123 1057 1220; x_wconf 75' lang='lat' dir='ltr'>ficut</span> <span class='ocrx_word' id='word_1_57' title='bbox 1068 1123 1111 1193; x_wconf 74' lang='lat' dir='ltr'>tu</span> <span class='ocrx_word' id='word_1_58' title='bbox 1128 1126 1278 1214; x_wconf 68' lang='lat' dir='ltr'>rugiens,</span> <span class='ocrx_word' id='word_1_59' title='bbox 1305 1131 1368 1191; x_wconf 86' lang='lat' dir='ltr'>cir·</span> 
     </span>
     <span class='ocr_line' id='line_1_9' title="bbox 304 1221 1366 1323; baseline 0.002 -31"><span class='ocrx_word' id='word_1_60' title='bbox 304 1232 392 1307; x_wconf 81' lang='lat' dir='ltr'>cuir,</span> <span class='ocrx_word' id='word_1_61' title='bbox 419 1248 576 1319; x_wconf 72' lang='lat' dir='ltr'>quarem,</span> <span class='ocrx_word' id='word_1_62' title='bbox 605 1251 695 1323; x_wconf 77' lang='lat' dir='ltr'>quem</span> <span class='ocrx_word' id='word_1_63' title='bbox 716 1239 913 1297; x_wconf 81' lang='lat' dir='ltr'>transvoret.</span> <span class='ocrx_word' id='word_1_64' title='bbox 963 1223 1031 1295; x_wconf 82' lang='lat' dir='ltr'>cni</span> <span class='ocrx_word' id='word_1_65' title='bbox 1051 1224 1111 1295; x_wconf 77' lang='lat' dir='ltr'>nid</span> <span class='ocrx_word' id='word_1_66' title='bbox 1132 1221 1366 1296; x_wconf 75' lang='lat' dir='ltr'>-restrterimud</span> 
     </span>
     <span class='ocr_line' id='line_1_10' title="bbox 297 1322 1363 1415; baseline 0.004 -25"><span class='ocrx_word' id='word_1_67' title='bbox 297 1322 402 1415; x_wconf 69' lang='lat' dir='ltr'>fomes</span> <span class='ocrx_word' id='word_1_68' title='bbox 421 1331 458 1391; x_wconf 83' lang='lat' dir='ltr'>in</span> <span class='ocrx_word' id='word_1_69' title='bbox 467 1326 557 1414; x_wconf 81' lang='lat' dir='ltr'>fide,</span> <span class='ocrx_word' id='word_1_70' title='bbox 588 1323 725 1397; x_wconf 80' lang='lat' dir='ltr'>rurstrm</span> <span class='ocrx_word' id='word_1_71' title='bbox 744 1345 812 1397; x_wconf 91' lang='lat' dir='ltr'>nos</span> <span class='ocrx_word' id='word_1_72' title='bbox 832 1324 869 1395; x_wconf 87' lang='lat' dir='ltr'>in</span> <span class='ocrx_word' id='word_1_73' title='bbox 890 1323 1137 1414; x_wconf 79' lang='lat' dir='ltr'>captivitatem</span> <span class='ocrx_word' id='word_1_74' title='bbox 1161 1322 1363 1394; x_wconf 79' lang='lat' dir='ltr'><strong>revocabit.</strong></span> 
     </span>
     <span class='ocr_line' id='line_1_11' title="bbox 305 1421 1365 1521; baseline 0.001 -29"><span class='ocrx_word' id='word_1_75' title='bbox 305 1422 416 1521; x_wconf 88' lang='lat' dir='ltr'>Quod</span> <span class='ocrx_word' id='word_1_76' title='bbox 434 1422 458 1495; x_wconf 90' lang='lat' dir='ltr'>s1</span> <span class='ocrx_word' id='word_1_77' title='bbox 476 1424 582 1496; x_wconf 89' lang='lat' dir='ltr'>nobis</span> <span class='ocrx_word' id='word_1_78' title='bbox 598 1425 765 1507; x_wconf 84' lang='lat' dir='ltr'>eveniat,</span> <span class='ocrx_word' id='word_1_79' title='bbox 790 1425 968 1518; x_wconf 82' lang='lat' dir='ltr'>ingratum</span> <span class='ocrx_word' id='word_1_80' title='bbox 981 1422 1151 1495; x_wconf 86' lang='lat' dir='ltr'>faciemus</span> <span class='ocrx_word' id='word_1_81' title='bbox 1165 1441 1257 1514; x_wconf 90' lang='lat' dir='ltr'>opus</span> <span class='ocrx_word' id='word_1_82' title='bbox 1274 1421 1365 1513; x_wconf 84' lang='lat' dir='ltr'>ejus,</span> 
     </span>
     <span class='ocr_line' id='line_1_12' title="bbox 304 1520 1366 1616; baseline 0.005 -27"><span class='ocrx_word' id='word_1_83' title='bbox 304 1522 364 1611; x_wconf 91' lang='lat' dir='ltr'>qui</span> <span class='ocrx_word' id='word_1_84' title='bbox 391 1525 488 1594; x_wconf 92' lang='lat' dir='ltr'>cruci</span> <span class='ocrx_word' id='word_1_85' title='bbox 510 1522 577 1595; x_wconf 87' lang='lat' dir='ltr'>suae</span> <span class='ocrx_word' id='word_1_86' title='bbox 600 1521 709 1595; x_wconf 82' lang='lat' dir='ltr'>affixit</span> <span class='ocrx_word' id='word_1_87' title='bbox 729 1520 998 1616; x_wconf 82' lang='lat' dir='ltr'>principatus&amp;</span> <span class='ocrx_word' id='word_1_88' title='bbox 1022 1521 1247 1616; x_wconf 87' lang='lat' dir='ltr'>potestates,</span> <span class='ocrx_word' id='word_1_89' title='bbox 1281 1539 1366 1594; x_wconf 87' lang='lat' dir='ltr'>cum</span> 
     </span>
     <span class='ocr_line' id='line_1_13' title="bbox 303 1616 1365 1713; baseline -0.001 -21"><span class='ocrx_word' id='word_1_90' title='bbox 303 1616 433 1692; x_wconf 86' lang='lat' dir='ltr'>fiducia</span> <span class='ocrx_word' id='word_1_91' title='bbox 455 1625 675 1713; x_wconf 86' lang='lat' dir='ltr'>triumphans</span> <span class='ocrx_word' id='word_1_92' title='bbox 698 1644 762 1695; x_wconf 89' lang='lat' dir='ltr'>eos</span> <span class='ocrx_word' id='word_1_93' title='bbox 787 1624 825 1694; x_wconf 91' lang='lat' dir='ltr'>in</span> <span class='ocrx_word' id='word_1_94' title='bbox 847 1619 1093 1713; x_wconf 84' lang='lat' dir='ltr'>semetipsum,</span> <span class='ocrx_word' id='word_1_95' title='bbox 1127 1622 1239 1710; x_wconf 77' lang='lat' dir='ltr'>&amp;qui</span> <span class='ocrx_word' id='word_1_96' title='bbox 1260 1620 1365 1691; x_wconf 82' lang='lat' dir='ltr'>venit</span> 
     </span>
     <span class='ocr_line' id='line_1_14' title="bbox 304 1715 1364 1816; baseline 0 -27"><span class='ocrx_word' id='word_1_97' title='bbox 304 1724 472 1812; x_wconf 84' lang='lat' dir='ltr'>captivos</span> <span class='ocrx_word' id='word_1_98' title='bbox 498 1722 678 1794; x_wconf 85' lang='lat' dir='ltr'>dimittere</span> <span class='ocrx_word' id='word_1_99' title='bbox 700 1723 738 1793; x_wconf 91' lang='lat' dir='ltr'>in</span> <span class='ocrx_word' id='word_1_100' title='bbox 760 1721 1006 1795; x_wconf 81' lang='lat' dir='ltr'>remiffionem.</span> <span class='ocrx_word' id='word_1_101' title='bbox 1060 1720 1158 1816; x_wconf 89' lang='lat' dir='ltr'>Quin</span> <span class='ocrx_word' id='word_1_102' title='bbox 1178 1719 1300 1813; x_wconf 89' lang='lat' dir='ltr'>potius</span> <span class='ocrx_word' id='word_1_103' title='bbox 1323 1715 1364 1789; x_wconf 58' lang='lat' dir='ltr'>fia</span> 
     </span>
     <span class='ocr_line' id='line_1_15' title="bbox 303 1817 1364 1913; baseline -0.002 -22"><span class='ocrx_word' id='word_1_104' title='bbox 303 1820 384 1891; x_wconf 84' lang='lat' dir='ltr'>dem</span> <span class='ocrx_word' id='word_1_105' title='bbox 404 1818 530 1893; x_wconf 88' lang='lat' dir='ltr'>Christi</span> <span class='ocrx_word' id='word_1_106' title='bbox 545 1818 754 1913; x_wconf 85' lang='lat' dir='ltr'><strong>sequentes,</strong></span> <span class='ocrx_word' id='word_1_107' title='bbox 781 1824 840 1913; x_wconf 92' lang='lat' dir='ltr'>qui</span> <span class='ocrx_word' id='word_1_108' title='bbox 856 1819 1092 1912; x_wconf 88' lang='lat' dir='ltr'>triumphavit</span> <span class='ocrx_word' id='word_1_109' title='bbox 1109 1839 1194 1909; x_wconf 90' lang='lat' dir='ltr'>eos,</span> <span class='ocrx_word' id='word_1_110' title='bbox 1220 1817 1364 1891; x_wconf 85' lang='lat' dir='ltr'>disrum-</span> 
     </span>
     <span class='ocr_line' id='line_1_16' title="bbox 302 1919 1364 2014; baseline 0 -25"><span class='ocrx_word' id='word_1_111' title='bbox 302 1940 426 2014; x_wconf 86' lang='lat' dir='ltr'>pamus</span> <span class='ocrx_word' id='word_1_112' title='bbox 449 1922 592 1992; x_wconf 81' lang='lat' dir='ltr'>vincula</span> <span class='ocrx_word' id='word_1_113' title='bbox 611 1942 761 2012; x_wconf 88' lang='lat' dir='ltr'>eorum,</span> <span class='ocrx_word' id='word_1_114' title='bbox 792 1921 919 2012; x_wconf 82' lang='lat' dir='ltr'>quibus</span> <span class='ocrx_word' id='word_1_115' title='bbox 939 1943 1006 1993; x_wconf 90' lang='lat' dir='ltr'>nos</span> <span class='ocrx_word' id='word_1_116' title='bbox 1030 1919 1274 1993; x_wconf 84' lang='lat' dir='ltr'>devinxerunt</span> <span class='ocrx_word' id='word_1_117' title='bbox 1296 1937 1364 2010; x_wconf 92' lang='lat' dir='ltr'>po·</span> 
     </span>
    </p>
   </div>
   <div class='ocr_carea' id='block_1_4' title="bbox 301 2015 1478 2112">
    <p class='ocr_par' dir='ltr' id='par_1_4' title="bbox 301 2015 1478 2112">
     <span class='ocr_line' id='line_1_17' title="bbox 301 2015 1478 2112; baseline -0.002 -23"><span class='ocrx_word' id='word_1_118' title='bbox 301 2018 417 2089; x_wconf 81' lang='lat' dir='ltr'>testati</span> <span class='ocrx_word' id='word_1_119' title='bbox 438 2015 515 2094; x_wconf 83' lang='lat' dir='ltr'>suae.</span> <span class='ocrx_word' id='word_1_120' title='bbox 567 2020 722 2091; x_wconf 84' lang='lat' dir='ltr'>Vincula</span> <span class='ocrx_word' id='word_1_121' title='bbox 738 2041 852 2106; x_wconf 84' lang='lat' dir='ltr'>vero,</span> <span class='ocrx_word' id='word_1_122' title='bbox 875 2021 1001 2111; x_wconf 87' lang='lat' dir='ltr'>quibus</span> <span class='ocrx_word' id='word_1_123' title='bbox 1014 2040 1082 2090; x_wconf 88' lang='lat' dir='ltr'>nos</span> <span class='ocrx_word' id='word_1_124' title='bbox 1097 2017 1363 2112; x_wconf 81' lang='lat' dir='ltr'>constringunt,</span> <span class='ocrx_word' id='word_1_125' title='bbox 1475 2041 1478 2046; x_wconf 93' lang='lat'>·</span> 
     </span>
    </p>
   </div>
   <div class='ocr_carea' id='block_1_5' title="bbox 296 2118 1364 4188">
    <p class='ocr_par' dir='ltr' id='par_1_5' title="bbox 296 2118 1364 4186">
     <span class='ocr_line' id='line_1_18' title="bbox 301 2118 1364 2211; baseline 0.001 -24"><span class='ocrx_word' id='word_1_126' title='bbox 301 2118 500 2210; x_wconf 75' lang='lat' dir='ltr'>pastiones,</span> <span class='ocrx_word' id='word_1_127' title='bbox 528 2119 562 2191; x_wconf 72' lang='grc' dir='ltr'>δι</span> <span class='ocrx_word' id='word_1_128' title='bbox 583 2120 672 2191; x_wconf 87' lang='lat' dir='ltr'>vitia</span> <span class='ocrx_word' id='word_1_129' title='bbox 691 2118 811 2193; x_wconf 81' lang='lat' dir='ltr'>nostra</span> <span class='ocrx_word' id='word_1_130' title='bbox 828 2119 932 2211; x_wconf 87' lang='lat' dir='ltr'>sunt,</span> <span class='ocrx_word' id='word_1_131' title='bbox 965 2121 1092 2210; x_wconf 89' lang='lat' dir='ltr'>quibus</span> <span class='ocrx_word' id='word_1_132' title='bbox 1108 2118 1243 2192; x_wconf 86' lang='lat' dir='ltr'>tamdiu</span> <span class='ocrx_word' id='word_1_133' title='bbox 1263 2122 1364 2190; x_wconf 75' lang='lat' dir='ltr'>inne</span> 
     </span>
     <span class='ocr_line' id='line_1_19' title="bbox 303 2215 1363 2314; baseline 0.001 -27"><span class='ocrx_word' id='word_1_134' title='bbox 303 2216 449 2309; x_wconf 77' lang='lat' dir='ltr'>ttimm,</span> <span class='ocrx_word' id='word_1_135' title='bbox 476 2220 596 2291; x_wconf 89' lang='lat' dir='ltr'>donec</span> <span class='ocrx_word' id='word_1_136' title='bbox 609 2241 749 2294; x_wconf 86' lang='lat' dir='ltr'>carnem</span> <span class='ocrx_word' id='word_1_137' title='bbox 770 2218 926 2292; x_wconf 84' lang='lat' dir='ltr'>nostram</span> <span class='ocrx_word' id='word_1_138' title='bbox 942 2215 1185 2314; x_wconf 81' lang='lat' dir='ltr'>crucifigamus</span> <span class='ocrx_word' id='word_1_139' title='bbox 1205 2237 1287 2290; x_wconf 87' lang='lat' dir='ltr'>cum</span> <span class='ocrx_word' id='word_1_140' title='bbox 1307 2216 1363 2288; x_wconf 70' lang='lat' dir='ltr'>vio&#39;</span> 
     </span>
     <span class='ocr_line' id='line_1_20' title="bbox 302 2316 1363 2412; baseline -0.003 -25"><span class='ocrx_word' id='word_1_141' title='bbox 302 2316 362 2388; x_wconf 89' lang='lat' dir='ltr'>tiis</span> <span class='ocrx_word' id='word_1_142' title='bbox 379 2316 412 2389; x_wconf 81' lang='lat' dir='ltr'>dc</span> <span class='ocrx_word' id='word_1_143' title='bbox 429 2317 747 2411; x_wconf 85' lang='lat' dir='ltr'>concupiscentiis,</span> <span class='ocrx_word' id='word_1_144' title='bbox 775 2319 873 2391; x_wconf 88' lang='lat' dir='ltr'>&amp;ita</span> <span class='ocrx_word' id='word_1_145' title='bbox 885 2319 1026 2408; x_wconf 86' lang='lat' dir='ltr'>demum</span> <span class='ocrx_word' id='word_1_146' title='bbox 1040 2320 1268 2412; x_wconf 79' lang='lat' dir='ltr'>disrumpamus</span> <span class='ocrx_word' id='word_1_147' title='bbox 1279 2321 1363 2385; x_wconf 65' lang='lat' dir='ltr'>uini</span> 
     </span>
     <span class='ocr_line' id='line_1_21' title="bbox 301 2414 1362 2514; baseline 0.003 -29"><span class='ocrx_word' id='word_1_148' title='bbox 301 2418 373 2487; x_wconf 83' lang='lat' dir='ltr'>cula</span> <span class='ocrx_word' id='word_1_149' title='bbox 394 2441 519 2504; x_wconf 84' lang='lat' dir='ltr'>eorum,</span> <span class='ocrx_word' id='word_1_150' title='bbox 556 2418 596 2494; x_wconf 59' lang='grc' dir='ltr'>(Ἰ</span> <span class='ocrx_word' id='word_1_151' title='bbox 611 2423 809 2514; x_wconf 81' lang='lat' dir='ltr'>projiciamus</span> <span class='ocrx_word' id='word_1_152' title='bbox 830 2447 850 2490; x_wconf 88' lang='lat' dir='ltr'>a</span> <span class='ocrx_word' id='word_1_153' title='bbox 870 2420 956 2488; x_wconf 74' lang='lat' dir='ltr'>nobit</span> <span class='ocrx_word' id='word_1_154' title='bbox 971 2425 1080 2513; x_wconf 80' lang='lat' dir='ltr'>jugum</span> <span class='ocrx_word' id='word_1_155' title='bbox 1099 2422 1241 2512; x_wconf 76' lang='lat' dir='ltr'>ipsorum.</span> <span class='ocrx_word' id='word_1_156' title='bbox 1292 2414 1362 2510; x_wconf 86' lang='lat' dir='ltr'>lgi-</span> 
     </span>
     <span class='ocr_line' id='line_1_22' title="bbox 301 2511 1359 2608; baseline -0.002 -22"><span class='ocrx_word' id='word_1_157' title='bbox 301 2515 361 2586; x_wconf 81' lang='lat' dir='ltr'>tur</span> <span class='ocrx_word' id='word_1_158' title='bbox 379 2514 574 2608; x_wconf 88' lang='lat' dir='ltr'>occupavit</span> <span class='ocrx_word' id='word_1_159' title='bbox 587 2513 704 2591; x_wconf 89' lang='lat' dir='ltr'>semen</span> <span class='ocrx_word' id='word_1_160' title='bbox 714 2517 868 2591; x_wconf 79' lang='lat' dir='ltr'>Abrahae</span> <span class='ocrx_word' id='word_1_161' title='bbox 882 2511 1047 2589; x_wconf 77' lang='lat' dir='ltr'>civitates</span> <span class='ocrx_word' id='word_1_162' title='bbox 1062 2513 1359 2607; x_wconf 85' lang='lat' dir='ltr'>adversariorum,</span> 
     </span>
     <span class='ocr_line' id='line_1_23' title="bbox 301 2613 1359 2709; baseline -0.005 -23"><span class='ocrx_word' id='word_1_163' title='bbox 301 2614 427 2706; x_wconf 88' lang='lat' dir='ltr'>idest,</span> <span class='ocrx_word' id='word_1_164' title='bbox 455 2614 572 2689; x_wconf 82' lang='lat' dir='ltr'>semen</span> <span class='ocrx_word' id='word_1_165' title='bbox 590 2618 714 2709; x_wconf 86' lang='lat' dir='ltr'>verbi,</span> <span class='ocrx_word' id='word_1_166' title='bbox 741 2616 838 2709; x_wconf 84' lang='lat' dir='ltr'>quod</span> <span class='ocrx_word' id='word_1_167' title='bbox 853 2616 905 2689; x_wconf 86' lang='lat' dir='ltr'>est</span> <span class='ocrx_word' id='word_1_168' title='bbox 917 2617 1125 2708; x_wconf 85' lang='lat' dir='ltr'>praedicatio</span> <span class='ocrx_word' id='word_1_169' title='bbox 1145 2613 1359 2707; x_wconf 81' lang='lat' dir='ltr'>Evangelii,</span> 
     </span>
     <span class='ocr_line' id='line_1_24' title="bbox 302 2709 1358 2804; baseline -0.002 -18"><span class='ocrx_word' id='word_1_170' title='bbox 302 2713 337 2786; x_wconf 71' lang='lat' dir='ltr'>tc</span> <span class='ocrx_word' id='word_1_171' title='bbox 357 2709 445 2787; x_wconf 87' lang='lat' dir='ltr'>fides</span> <span class='ocrx_word' id='word_1_172' title='bbox 464 2714 602 2790; x_wconf 87' lang='lat' dir='ltr'>Christi.</span> <span class='ocrx_word' id='word_1_173' title='bbox 654 2716 724 2788; x_wconf 87' lang='lat' dir='ltr'>Sed</span> <span class='ocrx_word' id='word_1_174' title='bbox 744 2718 844 2789; x_wconf 87' lang='lat' dir='ltr'>dico:</span> <span class='ocrx_word' id='word_1_175' title='bbox 870 2713 1054 2804; x_wconf 86' lang='lat' dir='ltr'>Numquid</span> <span class='ocrx_word' id='word_1_176' title='bbox 1075 2715 1262 2804; x_wconf 88' lang='lat' dir='ltr'>iniquitate</span> <span class='ocrx_word' id='word_1_177' title='bbox 1277 2709 1358 2784; x_wconf 81' lang='lat' dir='ltr'>usus</span> 
     </span>
     <span class='ocr_line' id='line_1_25' title="bbox 302 2811 1360 2911; baseline 0.001 -26"><span class='ocrx_word' id='word_1_178' title='bbox 302 2811 353 2885; x_wconf 85' lang='lat' dir='ltr'>est</span> <span class='ocrx_word' id='word_1_179' title='bbox 372 2811 570 2908; x_wconf 84' lang='lat' dir='ltr'>Dominus,</span> <span class='ocrx_word' id='word_1_180' title='bbox 597 2831 639 2887; x_wconf 94' lang='lat' dir='ltr'>ut</span> <span class='ocrx_word' id='word_1_181' title='bbox 656 2817 812 2911; x_wconf 87' lang='lat' dir='ltr'>eriperet</span> <span class='ocrx_word' id='word_1_182' title='bbox 824 2827 949 2911; x_wconf 86' lang='lat' dir='ltr'>gentes</span> <span class='ocrx_word' id='word_1_183' title='bbox 970 2815 1015 2887; x_wconf 91' lang='lat' dir='ltr'>de</span> <span class='ocrx_word' id='word_1_184' title='bbox 1033 2812 1211 2906; x_wconf 85' lang='lat' dir='ltr'>potestate</span> <span class='ocrx_word' id='word_1_185' title='bbox 1232 2811 1360 2886; x_wconf 78' lang='lat' dir='ltr'>adver·</span> 
     </span>
     <span class='ocr_line' id='line_1_26' title="bbox 300 2907 1358 3008; baseline -0.003 -23"><span class='ocrx_word' id='word_1_186' title='bbox 300 2910 489 3006; x_wconf 87' lang='lat' dir='ltr'>sariorum,</span> <span class='ocrx_word' id='word_1_187' title='bbox 517 2916 549 2987; x_wconf 73' lang='lat' dir='ltr'>tc</span> <span class='ocrx_word' id='word_1_188' title='bbox 563 2922 605 2989; x_wconf 88' lang='lat' dir='ltr'>ad</span> <span class='ocrx_word' id='word_1_189' title='bbox 621 2911 727 2989; x_wconf 84' lang='lat' dir='ltr'>fidem</span> <span class='ocrx_word' id='word_1_190' title='bbox 742 2914 857 3008; x_wconf 88' lang='lat' dir='ltr'>suam,</span> <span class='ocrx_word' id='word_1_191' title='bbox 878 2914 1122 3006; x_wconf 89' lang='lat' dir='ltr'>ditionemque</span> <span class='ocrx_word' id='word_1_192' title='bbox 1137 2907 1358 2996; x_wconf 73' lang='lat' dir='ltr'>reuocaret?</span> 
     </span>
     <span class='ocr_line' id='line_1_27' title="bbox 300 3005 1358 3106; baseline -0.006 -21"><span class='ocrx_word' id='word_1_193' title='bbox 300 3009 548 3105; x_wconf 85' lang='lat' dir='ltr'>Nequaquam.</span> <span class='ocrx_word' id='word_1_194' title='bbox 574 3005 663 3086; x_wconf 78' lang='lat' dir='ltr'>Erat</span> <span class='ocrx_word' id='word_1_195' title='bbox 674 3015 765 3087; x_wconf 90' lang='lat' dir='ltr'>enim</span> <span class='ocrx_word' id='word_1_196' title='bbox 781 3013 970 3106; x_wconf 80' lang='lat' dir='ltr'>aliquando</span> <span class='ocrx_word' id='word_1_197' title='bbox 981 3034 1061 3105; x_wconf 89' lang='lat' dir='ltr'>pars</span> <span class='ocrx_word' id='word_1_198' title='bbox 1075 3011 1223 3085; x_wconf 90' lang='lat' dir='ltr'>Domini</span> <span class='ocrx_word' id='word_1_199' title='bbox 1238 3009 1358 3100; x_wconf 82' lang='lat' dir='ltr'>liraei&#39;,</span> 
     </span>
     <span class='ocr_line' id='line_1_28' title="bbox 300 3100 1357 3206; baseline -0.007 -21"><span class='ocrx_word' id='word_1_200' title='bbox 300 3109 360 3185; x_wconf 78' lang='lat' dir='ltr'>fed</span> <span class='ocrx_word' id='word_1_201' title='bbox 371 3113 419 3185; x_wconf 90' lang='lat' dir='ltr'>illi</span> <span class='ocrx_word' id='word_1_202' title='bbox 434 3131 584 3206; x_wconf 85' lang='lat' dir='ltr'>peccare</span> <span class='ocrx_word' id='word_1_203' title='bbox 598 3115 762 3186; x_wconf 89' lang='lat' dir='ltr'>iecerunt</span> <span class='ocrx_word' id='word_1_204' title='bbox 783 3110 887 3186; x_wconf 84' lang='lat' dir='ltr'>lsrael</span> <span class='ocrx_word' id='word_1_205' title='bbox 904 3135 925 3185; x_wconf 84' lang='lat' dir='ltr'>a</span> <span class='ocrx_word' id='word_1_206' title='bbox 940 3112 1024 3185; x_wconf 89' lang='lat' dir='ltr'>Deo</span> <span class='ocrx_word' id='word_1_207' title='bbox 1042 3100 1126 3198; x_wconf 80' lang='lat' dir='ltr'>suo,</span> <span class='ocrx_word' id='word_1_208' title='bbox 1154 3110 1190 3182; x_wconf 84' lang='lat'>&amp;-</span> <span class='ocrx_word' id='word_1_209' title='bbox 1202 3127 1357 3203; x_wconf 87' lang='lat' dir='ltr'>propter</span> 
     </span>
     <span class='ocr_line' id='line_1_29' title="bbox 299 3206 1360 3308; baseline -0.005 -24"><span class='ocrx_word' id='word_1_210' title='bbox 299 3227 450 3304; x_wconf 83' lang='lat' dir='ltr'>peccata</span> <span class='ocrx_word' id='word_1_211' title='bbox 467 3212 525 3285; x_wconf 87' lang='lat' dir='ltr'>sua</span> <span class='ocrx_word' id='word_1_212' title='bbox 541 3214 630 3285; x_wconf 80' lang='lat' dir='ltr'>dixit</span> <span class='ocrx_word' id='word_1_213' title='bbox 649 3215 699 3285; x_wconf 91' lang='lat' dir='ltr'>eis</span> <span class='ocrx_word' id='word_1_214' title='bbox 715 3214 815 3287; x_wconf 87' lang='lat' dir='ltr'>Deus</span> <span class='ocrx_word' id='word_1_215' title='bbox 826 3235 844 3285; x_wconf 74' lang='grc' dir='ltr'>ε·</span> <span class='ocrx_word' id='word_1_216' title='bbox 865 3215 942 3285; x_wconf 82' lang='lat' dir='ltr'>Ecca</span> <span class='ocrx_word' id='word_1_217' title='bbox 951 3218 1082 3308; x_wconf 79' lang='lat' dir='ltr'>peccatis</span> <span class='ocrx_word' id='word_1_218' title='bbox 1093 3206 1360 3308; x_wconf 74' lang='lat' dir='ltr'>vestrisdijiratii</span> 
     </span>
     <span class='ocr_line' id='line_1_30' title="bbox 300 3308 1357 3411; baseline -0.01 -23"><span class='ocrx_word' id='word_1_219' title='bbox 300 3312 394 3408; x_wconf 71' lang='lat' dir='ltr'>ostis,</span> <span class='ocrx_word' id='word_1_220' title='bbox 427 3315 466 3387; x_wconf 70' lang='lat' dir='ltr'><em>U</em></span> <span class='ocrx_word' id='word_1_221' title='bbox 485 3331 612 3408; x_wconf 76' lang='lat' dir='ltr'>propter</span> <span class='ocrx_word' id='word_1_222' title='bbox 632 3332 754 3409; x_wconf 76' lang='lat' dir='ltr'>peccare</span> <span class='ocrx_word' id='word_1_223' title='bbox 778 3313 881 3411; x_wconf 72' lang='lat' dir='ltr'>vestra</span> <span class='ocrx_word' id='word_1_224' title='bbox 904 3313 1025 3410; x_wconf 75' lang='lat' dir='ltr'>dispcrfi</span> <span class='ocrx_word' id='word_1_225' title='bbox 1045 3312 1113 3409; x_wconf 74' lang='lat' dir='ltr'>eflis</span> <span class='ocrx_word' id='word_1_226' title='bbox 1133 3308 1187 3406; x_wconf 75' lang='lat' dir='ltr'>firi&gt;</span> <span class='ocrx_word' id='word_1_227' title='bbox 1207 3310 1357 3398; x_wconf 82' lang='lat' dir='ltr'>universo</span> 
     </span>
     <span class='ocr_line' id='line_1_31' title="bbox 300 3409 1355 3508; baseline 0.001 -27"><span class='ocrx_word' id='word_1_228' title='bbox 300 3414 381 3483; x_wconf 75' lang='lat' dir='ltr'>celo.</span> <span class='ocrx_word' id='word_1_229' title='bbox 429 3412 498 3485; x_wconf 87' lang='lat' dir='ltr'>Sed</span> <span class='ocrx_word' id='word_1_230' title='bbox 512 3414 639 3485; x_wconf 89' lang='lat' dir='ltr'>iterum</span> <span class='ocrx_word' id='word_1_231' title='bbox 657 3414 742 3485; x_wconf 90' lang='lat' dir='ltr'>dicit</span> <span class='ocrx_word' id='word_1_232' title='bbox 753 3414 796 3489; x_wconf 90' lang='lat' dir='ltr'>ad</span> <span class='ocrx_word' id='word_1_233' title='bbox 811 3433 896 3487; x_wconf 83' lang='lat' dir='ltr'>eos:</span> <span class='ocrx_word' id='word_1_234' title='bbox 922 3418 962 3483; x_wconf 84' lang='lat' dir='ltr'>Si</span> <span class='ocrx_word' id='word_1_235' title='bbox 969 3414 1076 3505; x_wconf 77' lang='lat' dir='ltr'>fuerit</span> <span class='ocrx_word' id='word_1_236' title='bbox 1092 3409 1233 3507; x_wconf 64' lang='lat' dir='ltr'>disperfio</span> <span class='ocrx_word' id='word_1_237' title='bbox 1250 3412 1355 3508; x_wconf 67' lang='lat' dir='ltr'>vestra</span> 
     </span>
     <span class='ocr_line' id='line_1_32' title="bbox 299 3511 1356 3611; baseline -0.005 -27"><span class='ocrx_word' id='word_1_238' title='bbox 299 3513 490 3585; x_wconf 72' lang='lat' dir='ltr'>tb-cxrremo</span> <span class='ocrx_word' id='word_1_239' title='bbox 511 3516 576 3583; x_wconf 82' lang='lat' dir='ltr'>coeii</span> <span class='ocrx_word' id='word_1_240' title='bbox 601 3537 699 3611; x_wconf 75' lang='lat' dir='ltr'>usqne</span> <span class='ocrx_word' id='word_1_241' title='bbox 719 3517 759 3584; x_wconf 84' lang='lat' dir='ltr'>ad</span> <span class='ocrx_word' id='word_1_242' title='bbox 778 3529 950 3583; x_wconf 80' lang='lat' dir='ltr'>extremum</span> <span class='ocrx_word' id='word_1_243' title='bbox 973 3517 1056 3609; x_wconf 77' lang='lat' dir='ltr'>ejus,</span> <span class='ocrx_word' id='word_1_244' title='bbox 1082 3516 1156 3582; x_wconf 84' lang='lat' dir='ltr'>inda</span> <span class='ocrx_word' id='word_1_245' title='bbox 1176 3511 1356 3604; x_wconf 78' lang='lat' dir='ltr'>congregabo</span> 
     </span>
     <span class='ocr_line' id='line_1_33' title="bbox 298 3608 1356 3709; baseline -0.003 -26"><span class='ocrx_word' id='word_1_246' title='bbox 298 3618 381 3697; x_wconf 67' lang='lat' dir='ltr'>oss,</span> <span class='ocrx_word' id='word_1_247' title='bbox 406 3612 484 3681; x_wconf 75' lang='lat' dir='ltr'>dicit</span> <span class='ocrx_word' id='word_1_248' title='bbox 498 3617 666 3685; x_wconf 78' lang='lat' dir='ltr'>Dominus.</span> <span class='ocrx_word' id='word_1_249' title='bbox 708 3614 803 3709; x_wconf 88' lang='lat' dir='ltr'>Quia</span> <span class='ocrx_word' id='word_1_250' title='bbox 814 3633 903 3709; x_wconf 82' lang='lat' dir='ltr'>ergo</span> <span class='ocrx_word' id='word_1_251' title='bbox 916 3612 1094 3705; x_wconf 81' lang='lat' dir='ltr'>principes</span> <span class='ocrx_word' id='word_1_252' title='bbox 1112 3610 1216 3700; x_wconf 73' lang='lat' dir='ltr'>huius</span> <span class='ocrx_word' id='word_1_253' title='bbox 1230 3608 1356 3684; x_wconf 89' lang='lat' dir='ltr'>mundi</span> 
     </span>
     <span class='ocr_line' id='line_1_34' title="bbox 298 3708 1353 3805; baseline -0.008 -20"><span class='ocrx_word' id='word_1_254' title='bbox 298 3709 501 3785; x_wconf 72' lang='lat' dir='ltr'>merserant</span> <span class='ocrx_word' id='word_1_255' title='bbox 514 3727 648 3805; x_wconf 85' lang='lat' dir='ltr'>partem</span> <span class='ocrx_word' id='word_1_256' title='bbox 665 3712 835 3802; x_wconf 90' lang='lat' dir='ltr'>Domini,</span> <span class='ocrx_word' id='word_1_257' title='bbox 860 3710 1000 3785; x_wconf 78' lang='lat' dir='ltr'>necesse</span> <span class='ocrx_word' id='word_1_258' title='bbox 1014 3713 1139 3784; x_wconf 87' lang='lat' dir='ltr'>habuit</span> <span class='ocrx_word' id='word_1_259' title='bbox 1155 3708 1273 3802; x_wconf 89' lang='lat' dir='ltr'>pastor</span> <span class='ocrx_word' id='word_1_260' title='bbox 1288 3711 1353 3778; x_wconf 87' lang='lat' dir='ltr'>bo·</span> 
     </span>
     <span class='ocr_line' id='line_1_35' title="bbox 298 3807 1352 3908; baseline -0.008 -20"><span class='ocrx_word' id='word_1_261' title='bbox 298 3827 367 3890; x_wconf 77' lang='lat' dir='ltr'>nus</span> <span class='ocrx_word' id='word_1_262' title='bbox 380 3809 509 3885; x_wconf 70' lang='lat' dir='ltr'>relictis</span> <span class='ocrx_word' id='word_1_263' title='bbox 522 3816 557 3887; x_wconf 89' lang='lat' dir='ltr'>in</span> <span class='ocrx_word' id='word_1_264' title='bbox 571 3807 727 3908; x_wconf 79' lang='lat' dir='ltr'>¹supernis</span> <span class='ocrx_word' id='word_1_265' title='bbox 742 3814 937 3907; x_wconf 79' lang='lat' dir='ltr'>nonaginta</span> <span class='ocrx_word' id='word_1_266' title='bbox 948 3811 981 3883; x_wconf 75' lang='lat' dir='ltr'>oc</span> <span class='ocrx_word' id='word_1_267' title='bbox 992 3832 1126 3883; x_wconf 88' lang='lat' dir='ltr'>novem</span> <span class='ocrx_word' id='word_1_268' title='bbox 1139 3808 1352 3881; x_wconf 84' lang='lat' dir='ltr'>descendere</span> 
     </span>
     <span class='ocr_line' id='line_1_36' title="bbox 299 3908 1352 4004; baseline -0.008 -18"><span class='ocrx_word' id='word_1_269' title='bbox 299 3911 490 4004; x_wconf 82' lang='lat' dir='ltr'>adterras,</span> <span class='ocrx_word' id='word_1_270' title='bbox 517 3913 671 3988; x_wconf 78' lang='lat' dir='ltr'>&amp;udam</span> <span class='ocrx_word' id='word_1_271' title='bbox 685 3933 815 4003; x_wconf 88' lang='lat' dir='ltr'>ovem,</span> <span class='ocrx_word' id='word_1_272' title='bbox 842 3931 920 4001; x_wconf 75' lang='lat' dir='ltr'>que</span> <span class='ocrx_word' id='word_1_273' title='bbox 934 3914 1088 4004; x_wconf 79' lang='lat' dir='ltr'>perierat</span> <span class='ocrx_word' id='word_1_274' title='bbox 1101 3928 1278 4001; x_wconf 74' lang='lat' dir='ltr'>querere,</span> <span class='ocrx_word' id='word_1_275' title='bbox 1298 3908 1352 3978; x_wconf 90' lang='lat' dir='ltr'>in·</span> 
     </span>
     <span class='ocr_line' id='line_1_37' title="bbox 296 4008 1350 4186; baseline -0.001 -100"><span class='ocrx_word' id='word_1_276' title='bbox 296 4015 571 4104; x_wconf 64' lang='lat' dir='ltr'>tantamque&amp;</span> <span class='ocrx_word' id='word_1_277' title='bbox 583 4014 742 4089; x_wconf 73' lang='lat' dir='ltr'>doneris</span> <span class='ocrx_word' id='word_1_278' title='bbox 762 4008 971 4186; x_wconf 46' lang='lat' dir='ltr'>rssvedam,</span> <span class='ocrx_word' id='word_1_279' title='bbox 997 4011 1041 4085; x_wconf 82' lang='lat' dir='ltr'>ad</span> <span class='ocrx_word' id='word_1_280' title='bbox 1062 4008 1252 4178; x_wconf 39' lang='lat' dir='ltr'>superum?</span> <span class='ocrx_word' id='word_1_281' title='bbox 1269 4026 1350 4175; x_wconf 43' lang='lat' dir='ltr'>ppr-</span> 
     </span>
    </p>

    <p class='ocr_par' dir='ltr' id='par_1_6' title="bbox 357 4124 1364 4188">
     <span class='ocr_line' id='line_1_38' title="bbox 357 4124 1364 4188; baseline -0.009 -8"><span class='ocrx_word' id='word_1_282' title='bbox 357 4153 359 4158; x_wconf 93' lang='lat'>-</span> <span class='ocrx_word' id='word_1_283' title='bbox 681 4184 683 4188; x_wconf 69' lang='grc'><strong>,</strong></span> <span class='ocrx_word' id='word_1_284' title='bbox 836 4132 858 4185; x_wconf 84' lang='lat'>2</span> <span class='ocrx_word' id='word_1_285' title='bbox 1248 4129 1274 4177; x_wconf 81' lang='lat' dir='ltr'>e</span> <span class='ocrx_word' id='word_1_286' title='bbox 1301 4124 1364 4172; x_wconf 71' lang='lat' dir='ltr'>xe·</span> 
     </span>
    </p>
   </div>
   <div class='ocr_carea' id='block_1_6' title="bbox 0 0 1714 4692">
    <p class='ocr_par' dir='ltr' id='par_1_7' title="bbox 0 0 1714 4692">
     <span class='ocr_line' id='line_1_39' title="bbox 0 0 1714 4692; baseline 0 3"><span class='ocrx_word' id='word_1_287' title='bbox 0 0 1714 4692; x_wconf 95' lang='lat' dir='ltr'> </span> 
     </span>
    </p>
   </div>
  </div>
 </body>
</html>
