3417 4692
276 541 278 548 Ι
388 429 1284 542 couniturnnmruenursru.
1337 452 1420 512 ιι-

323 619 392 694 qua
406 598 505 673 sorte
519 596 696 692 indigeat,
721 617 914 692 procreare
928 599 1106 672 continuo
1118 597 1291 682 voluntas
1305 598 1384 692 ejus

322 720 385 794 per
408 697 478 772 sese
493 699 640 792 poterit.
667 699 761 774 Nam
777 719 971 792 queremus
987 721 1031 772 ex
1047 699 1112 794 iis,
1137 701 1288 792 quirem
1307 700 1384 776 hoc

322 798 436 876 modo
457 796 490 871 se
510 798 641 873 habere
660 799 900 896 negaverint,
936 819 980 873 an
999 820 1076 873 non
1096 793 1141 872 e‘x
1163 818 1288 873 eorum
1305 799 1385 893 opi·

321 901 435 972 niorre
453 895 673 991 consequens
689 899 757 991 sit,
788 898 883 974 belle
899 898 1087 973 admodum
1108 896 1144 972 id
1160 917 1202 970 ac
1221 899 1386 974 fortuna-

320 1013 357 1080 te
379 999 466 1072 Deo
486 997 639 1090 cessisse,
665 1000 763 1090 quod
781 999 826 1083 -‚in
844 1014 1008 1076 naturam
1025 1000 1120 1076 illam
1139 1013 1242 1074 ortus
1257 1019 1387 1094 exper-

322 1113 399 1176 tem
417 1097 604 1189 inciderit,
631 1119 734 1192 quam
746 1099 808 1178 uisi
829 1121 876 1171 eo
891 1099 990 1191 ipso,
1011 1099 1208 1192 quodortu
1229 1115 1383 1196 careret,

320 1197 446 1274 naeus
461 1195 548 1272 sil'et
563 1197 650 1273 nihil
669 1219 823 1290 unquam
843 1196 983 1274 efficere
1002 1198 1193 1292 potuisset3
1219 1193 1384 1293 adeo‘que

321 1312 502 1394 perpetuo
530 1299 735 1391 molitoris,
768 1301 952 1391 parentis,
984 1299 1153 1394 benigni,
1188 1298 1305 1391 boni,
1341 1319 1385 1370 ac

323 1399 463 1472 ceteris
484 1399 675 1489 omnibus,
709 1419 786 1493 quae
808 1419 1035 1494 magnacum
1058 1399 1200 1475 ratione
1219 1398 1304 1472 Deo
1323 1399 1388 1472 tri·

299 1499 507 1580 ..buuntur,
542 1497 746 1570 nominibus
776 1498 946 1590 spoliatus
973 1495 1183 1591 perstitisset.
1241 1497 1415 1571 Deinde-

305 1591 309 1598 ’
326 1599 389 1689 qui
406 1593 482 1670 sieri
497 1596 621 1692 possit,
648 1611 689 1670 ut
704 1598 778 1671 vim
801 1597 957 1671 materie
975 1612 1131 1690 tantam,
1155 1600 1204 1673 lic
1216 1609 1387 1690 tanquam

326 1697 371 1774 ad
400 1696 542 1790 pondus
570 1713 736 1770 accurate
757 1696 920 1791 iusteque
947 1697 1143 1772 admensam
1169 1700 1388 1790 invenerit,

325 1817 405 1889 quae
428 1796 471 1871 ad
493 1796 597 1889 hujus
619 1798 766 1888 proprie
786 1819 862 1871 non
885 1798 1029 1890 majoris
1048 1797 1243 1872 minorisve
1262 1795 1388 1871 mundi

323 1896 551 1972 molitionem
565 1893 758 1973 satis'eiset.
792 1895 1000 1972 Invehenda
1010 1896 1140 1992 quippe
1156 1896 1279 1972 nescio
1292 1917 1387 1992 quae,

324 1993 413 2072 Deo
432 2009 550 2070 tamen
571 1996 772 2090 antiquior,
801 1996 1036 2078 Providentia
1051 1997 1246 2074 necessario
1260 1995 1388 2092 fuerit,

327 2113 408 2187 que
424 2097 604 2170 materiam
622 2096 654 2168 ei
673 2094 885 2189 subjecerit,
911 2097 993 2170 dum
1008 2097 1045 2171 id
1065 2119 1107 2170 ea
1120 2098 1333 2190 provideret
1346 2099 1386 2174 in

326 2191 534 2290 posterum,
560 2216 606 2267 ne
623 2216 707 2287 quas
734 2196 771 2269 in
794 2194 828 2268 se
855 2195 955 2270 Deus
971 2197 1122 2270 haberet
1135 2199 1218 2270 artis
1239 2196 1305 2269 suae
1318 2217 1387 2270 no·

327 2297 481 2389 tiones,
513 2295 620 2370 irritae
645 2295 839 2389 cederent,
868 2293 1088 2390 sinon'ejus
1116 2311 1251 2372 nature
1280 2298 1388 2392 copia

328 2391 456 2486 fieret,
483 2395 582 2486 cujus
602 2415 713 2487 opera
731 2407 803 2468 tam
821 2396 1057 2471 excellentem
1078 2395 1111 2470 u
1131 2398 1293 2471 eximiam
1310 2398 1387 2470 uni·

328 2493 423 2569 verli
450 2490 600 2587 speciem
623 2492 791 2570 efficeret.
843 2492 951 2570 Unde
974 2515 1088 2588 porro
1107 2496 1144 2570 id
1164 2498 1312 2590 habuit,
1344 2511 1388 2572 ut

330 2595 447 2666 omnis
464 2594 639 2685 qualitatis
659 2614 772 2686 capax
795 2591 908 2688 esset,
934 2616 1038 2685 quam
1055 2595 1168 2672 eidem
1185 2596 1389 2689 imprimere

328 2693 434 2768 Deus
456 2690 651 2786 voluisset,
676 2693 739 2768 nisi
760 2693 900 2783 qualem
916 2714 992 2767 eam
1012 2695 1143 2767 habere
1159 2694 1230 2788 ipse
1252 2697 1389 2788 vellet,

330 2794 440 2865 talem
462 2805 545 2864 ante
572 2792 660 2885 libi,
693 2805 899 2885 tantamque
925 2794 1072 2866 molitus
1101 2793 1206 2867 erit?
1243 2795 1321 2891 Jam
1347 2808 1390 2870 ut

329 2891 513 2968 nonnullis
535 2889 696 2965 daremus
719 2906 806 2964 ortu
828 2899 952 2965 carere
971 2891 1182 2987 materiam,
1206 2892 1250 2966 iis
1268 2906 1391 2972 tamen

332 2992 393 3084 qui
410 2990 458 3063 sic
472 2991 687 3083 opinantur,
712 2992 809 3068 hunc
823 2991 863 3064 in
881 2991 1026 3066 modum
1044 2991 1173 3068 instare
1192 2992 1390 3087 possemus:

295 3091 298 3098 '
330 3090 599 3182 siquantumvis
613 3105 776 3166 naturam
793 3090 889 3166 illam
907 3091 993 3166 Deo
1007 3091 1276 3184 Providentiam
1293 3094 1393 3178 nulla

330 3189 543 3281 subjecerit,
569 3189 739 3281 ejusmodi
758 3206 876 3264 tamen
896 3213 937 3265 ea
949 3211 1015 3285 per
1031 3190 1102 3266 sese
1118 3191 1204 3266 fuit:
1229 3192 1391 3272 eamdem

329 3291 354 3365 si
385 3288 619 3363 Providentia
642 3288 770 3385 suopte
799 3289 948 3364 consilio
976 3289 1224 3387 procreasset,
1261 3291 1391 3384 ecquid

331 3389 481 3482 amplius
497 3386 591 3482 ipsa,
616 3410 721 3481 quam
737 3389 834 3483 quod
848 3389 1006 3465 fortuito
1023 3390 1172 3482 casuque
1186 3389 1316 3466 sedium
1335 3393 1390 3465 vi·

331 3490 477 3579 demus,
504 3487 700 3564 effeciffetl
727 3489 984 3590 Quidereus
998 3489 1072 3585 ipse
1083 3492 1287 3583 materiam,
1312 3511 1391 3584 quae

330 3586 527 3664 nulladum
543 3586 650 3682 esset,
676 3587 812 3686 fingere
827 3590 1019 3682 molirique
1031 3589 1226 3664 stantiileti
1251 3588 1393 3684 Ecquid

330 3687 479 3762 tandem
499 3688 575 3780 ejus
601 3709 679 3763 cum
698 3689 896 3784 sapientia,
930 3702 1008 3766 tum
1026 3690 1194 3764 divinitas
1214 3691 1395 3776 excellens

333 3789 435 3879 tius,
474 3808 577 3879 quam
601 3787 698 3880 quod
722 3811 767 3863 ex
790 3802 877 3861 ortu
900 3803 1045 3864 carente
1071 3790 1216 3864 materia
1239 3791 1392 3886 extitit,

331 3888 460 3964 molita
470 3885 584 3962 effeti
608 3887 728 3962 Namfi
738 3911 783 3962 ex
791 3889 1026 3964 Providentia
1039 3890 1133 3963 idem
1149 3891 1299 3966 omnino
1307 3911 1394 3986 pru·¹

333 3986 510 4062 sciturum
524 4001 612 4080 erat,
627 3990 724 4080 quod
736 3987 1049 4064 sineProvideutia
1062 3989 1189 4064 sedium
1204 3989 1271 4066 est:
1293 3990 1395 4084 quid·
1461 4001 1464 4008 '

335 4089 373 4164 ni
386 4085 518 4184 exipso
535 4107 679 4185 quoque
693 4089 830 4168 inundo
850 4087 1038 4180 auderent
1053 4087 1417 4280 umuetuastibcgtx

1304 4212 1346 4298 ἣ
