<?xml version="1.0" encoding="UTF-8"?>
<!DOCTYPE html PUBLIC "-//W3C//DTD XHTML 1.0 Transitional//EN"
    "http://www.w3.org/TR/xhtml1/DTD/xhtml1-transitional.dtd">
<html xmlns="http://www.w3.org/1999/xhtml" xml:lang="en" lang="en">
 <head>
  <title>
</title>
<meta http-equiv="Content-Type" content="text/html;charset=utf-8" />
  <meta name='ocr-system' content='tesseract 3.04.00' />
  <meta name='ocr-capabilities' content='ocr_page ocr_carea ocr_par ocr_line ocrx_word'/>
</head>
<body>
  <div class='ocr_page' id='page_1' title='image "./operaomniasanct02unkngoog/operaomniasanct02unkngoog_0093.png"; bbox 0 0 3417 4692; ppageno 0'>
   <div class='ocr_carea' id='block_1_1' title="bbox 237 2339 240 2486">
    <p class='ocr_par' dir='ltr' id='par_1_1' title="bbox 237 2339 240 2486">
     <span class='ocr_line' id='line_1_1' title="bbox 237 2339 240 2486; baseline 0 0"><span class='ocrx_word' id='word_1_1' title='bbox 237 2339 240 2486; x_wconf 87' lang='lat' dir='ltr'><strong>l</strong></span> 
     </span>
    </p>
   </div>
   <div class='ocr_carea' id='block_1_2' title="bbox 483 363 1359 468">
    <p class='ocr_par' dir='ltr' id='par_1_2' title="bbox 483 363 1359 468">
     <span class='ocr_line' id='line_1_2' title="bbox 483 363 1359 468; baseline 0 -23"><span class='ocrx_word' id='word_1_2' title='bbox 483 363 1176 468; x_wconf 70' lang='lat' dir='ltr'><strong>sanncunrucauann.</strong></span> <span class='ocrx_word' id='word_1_3' title='bbox 1310 390 1359 468; x_wconf 66' lang='grc' dir='ltr'><em>ῃ</em></span> 
     </span>
    </p>
   </div>
   <div class='ocr_carea' id='block_1_3' title="bbox 292 481 1361 829">
    <p class='ocr_par' dir='ltr' id='par_1_3' title="bbox 292 481 1361 829">
     <span class='ocr_line' id='line_1_3' title="bbox 294 481 1361 623; baseline -0.004 -15"><span class='ocrx_word' id='word_1_4' title='bbox 294 481 490 608; x_wconf 89' lang='lat' dir='ltr'><strong>secundum</strong></span> <span class='ocrx_word' id='word_1_5' title='bbox 505 530 712 623; x_wconf 85' lang='lat' dir='ltr'>scripturam</span> <span class='ocrx_word' id='word_1_6' title='bbox 727 549 801 604; x_wconf 92' lang='lat' dir='ltr'><strong>non</strong></span> <span class='ocrx_word' id='word_1_7' title='bbox 819 532 896 604; x_wconf 89' lang='lat' dir='ltr'><strong>&#39;erat</strong></span> <span class='ocrx_word' id='word_1_8' title='bbox 911 545 1080 622; x_wconf 81' lang='lat' dir='ltr'><strong>acceptus</strong></span> <span class='ocrx_word' id='word_1_9' title='bbox 1096 529 1194 604; x_wconf 94' lang='lat' dir='ltr'><strong>Deo.</strong></span> <span class='ocrx_word' id='word_1_10' title='bbox 1243 525 1361 618; x_wconf 81' lang='lat' dir='ltr'><strong>Mani-</strong></span> 
     </span>
     <span class='ocr_line' id='line_1_4' title="bbox 292 627 1360 744; baseline -0.002 -36"><span class='ocrx_word' id='word_1_11' title='bbox 292 631 425 708; x_wconf 79' lang='lat' dir='ltr'><strong>sestu&#39;m</strong></span> <span class='ocrx_word' id='word_1_12' title='bbox 440 629 510 720; x_wconf 89' lang='lat' dir='ltr'><strong>est,</strong></span> <span class='ocrx_word' id='word_1_13' title='bbox 527 651 609 704; x_wconf 92' lang='lat' dir='ltr'><strong>eum</strong></span> <span class='ocrx_word' id='word_1_14' title='bbox 619 630 671 727; x_wconf 84' lang='lat' dir='ltr'><strong>ob</strong></span> <span class='ocrx_word' id='word_1_15' title='bbox 685 631 930 744; x_wconf 67' lang='lat' dir='ltr'><strong>penitentiam</strong></span> <span class='ocrx_word' id='word_1_16' title='bbox 945 627 1124 721; x_wconf 77' lang='lat' dir='ltr'><strong>placuisse,</strong></span> <span class='ocrx_word' id='word_1_17' title='bbox 1140 631 1285 721; x_wconf 84' lang='lat' dir='ltr'><strong>quando</strong></span> <span class='ocrx_word' id='word_1_18' title='bbox 1300 653 1360 728; x_wconf 85' lang='lat' dir='ltr'><strong>ge·</strong></span> 
     </span>
     <span class='ocr_line' id='line_1_5' title="bbox 293 685 1358 829; baseline 0 -23"><span class='ocrx_word' id='word_1_19' title='bbox 293 732 376 806; x_wconf 89' lang='lat' dir='ltr'><strong>nuit</strong></span> <span class='ocrx_word' id='word_1_20' title='bbox 397 685 613 805; x_wconf 84' lang='lat' dir='ltr'><strong>emiffi&#39;onem</strong></span> <span class='ocrx_word' id='word_1_21' title='bbox 625 735 778 825; x_wconf 82' lang='lat' dir='ltr'><strong>mortis,</strong></span> <span class='ocrx_word' id='word_1_22' title='bbox 803 750 906 823; x_wconf 91' lang='lat' dir='ltr'><strong>quam</strong></span> <span class='ocrx_word' id='word_1_23' title='bbox 919 728 1062 823; x_wconf 84' lang='lat' dir='ltr'>habuit,</span> <span class='ocrx_word' id='word_1_24' title='bbox 1084 728 1281 826; x_wconf 85' lang='lat' dir='ltr'><strong>priusquam</strong></span> <span class='ocrx_word' id='word_1_25' title='bbox 1300 753 1358 829; x_wconf 81' lang='lat' dir='ltr'><strong>ge·</strong></span> 
     </span>
    </p>
   </div>
   <div class='ocr_carea' id='block_1_4' title="bbox 293 844 1360 1023">
    <p class='ocr_par' dir='ltr' id='par_1_4' title="bbox 293 844 1360 1023">
     <span class='ocr_line' id='line_1_6' title="bbox 293 844 453 906; baseline -0.006 0"><span class='ocrx_word' id='word_1_26' title='bbox 293 844 453 906; x_wconf 71' lang='lat' dir='ltr'><strong>uetaret.</strong></span> 
     </span>
     <span class='ocr_line' id='line_1_7' title="bbox 375 925 1360 1023; baseline 0.002 -23"><span class='ocrx_word' id='word_1_27' title='bbox 375 932 423 1004; x_wconf 86' lang='lat' dir='ltr'><strong>Er</strong></span> <span class='ocrx_word' id='word_1_28' title='bbox 439 932 526 1000; x_wconf 83' lang='lat' dir='ltr'><strong>dixit</strong></span> <span class='ocrx_word' id='word_1_29' title='bbox 548 933 652 999; x_wconf 73' lang='lat' dir='ltr'><strong>Deris·</strong></span> <span class='ocrx_word' id='word_1_30' title='bbox 690 925 805 1004; x_wconf 78' lang='lat' dir='ltr'><strong>Delebo</strong></span> <span class='ocrx_word' id='word_1_31' title='bbox 825 926 999 1011; x_wconf 76' lang='lat' dir='ltr'><strong>hominene,</strong></span> <span class='ocrx_word' id='word_1_32' title='bbox 1022 951 1112 1023; x_wconf 81' lang='lat' dir='ltr'><strong>quem</strong></span> <span class='ocrx_word' id='word_1_33' title='bbox 1122 927 1213 1019; x_wconf 78' lang='lat' dir='ltr'><strong>feci,</strong></span> <span class='ocrx_word' id='word_1_34' title='bbox 1238 930 1360 1010; x_wconf 73' lang='lat' dir='ltr'><strong>usarii</strong></span> 
     </span>
    </p>
   </div>
   <div class='ocr_carea' id='block_1_5' title="bbox 283 1024 1458 3818">
    <p class='ocr_par' dir='ltr' id='par_1_5' title="bbox 291 1024 1360 1320">
     <span class='ocr_line' id='line_1_8' title="bbox 292 1024 1359 1123; baseline 0.001 -19"><span class='ocrx_word' id='word_1_35' title='bbox 292 1026 419 1123; x_wconf 61' lang='lat' dir='ltr'><strong>terre]</strong></span> <span class='ocrx_word' id='word_1_36' title='bbox 470 1024 561 1100; x_wconf 94' lang='lat' dir='ltr'><strong>Non</strong></span> <span class='ocrx_word' id='word_1_37' title='bbox 588 1024 750 1102; x_wconf 88' lang='lat' dir='ltr'><strong>absolute</strong></span> <span class='ocrx_word' id='word_1_38' title='bbox 783 1026 942 1117; x_wconf 87' lang='lat' dir='ltr'><strong>delebo,</strong></span> <span class='ocrx_word' id='word_1_39' title='bbox 981 1025 1039 1099; x_wconf 89' lang='lat' dir='ltr'><strong>sed</strong></span> <span class='ocrx_word' id='word_1_40' title='bbox 1068 1044 1217 1104; x_wconf 86' lang='lat' dir='ltr'><strong>ater-ra.</strong></span> <span class='ocrx_word' id='word_1_41' title='bbox 1269 1029 1359 1106; x_wconf 82' lang='lat' dir='ltr'><strong>Non</strong></span> 
     </span>
     <span class='ocr_line' id='line_1_9' title="bbox 293 1122 1360 1224; baseline 0.003 -21"><span class='ocrx_word' id='word_1_42' title='bbox 293 1131 391 1204; x_wconf 89' lang='lat' dir='ltr'><strong>enim</strong></span> <span class='ocrx_word' id='word_1_43' title='bbox 407 1128 499 1202; x_wconf 88' lang='lat' dir='ltr'><strong>solet</strong></span> <span class='ocrx_word' id='word_1_44' title='bbox 510 1127 660 1199; x_wconf 91' lang='lat' dir='ltr'><strong>omnino</strong></span> <span class='ocrx_word' id='word_1_45' title='bbox 672 1126 801 1217; x_wconf 89' lang='lat' dir='ltr'><strong>deleri,</strong></span> <span class='ocrx_word' id='word_1_46' title='bbox 818 1147 879 1217; x_wconf 90' lang='lat' dir='ltr'><strong>qur</strong></span> <span class='ocrx_word' id='word_1_47' title='bbox 870 1123 1007 1200; x_wconf 63' lang='lat' dir='ltr'><strong>laetus</strong></span> <span class='ocrx_word' id='word_1_48' title='bbox 1023 1122 1093 1219; x_wconf 86' lang='lat' dir='ltr'><strong>est,</strong></span> <span class='ocrx_word' id='word_1_49' title='bbox 1119 1129 1286 1220; x_wconf 89' lang='lat' dir='ltr'><strong>quoniam</strong></span> <span class='ocrx_word' id='word_1_50' title='bbox 1298 1131 1360 1224; x_wconf 90' lang='lat' dir='ltr'><strong>qui</strong></span> 
     </span>
     <span class='ocr_line' id='line_1_10' title="bbox 291 1223 1079 1320; baseline -0.006 -17"><span class='ocrx_word' id='word_1_51' title='bbox 291 1228 407 1304; x_wconf 74' lang='lat' dir='ltr'><strong>faetus</strong></span> <span class='ocrx_word' id='word_1_52' title='bbox 428 1225 505 1319; x_wconf 91' lang='lat' dir='ltr'><strong>est,</strong></span> <span class='ocrx_word' id='word_1_53' title='bbox 531 1226 575 1299; x_wconf 87' lang='lat' dir='ltr'><strong>ad</strong></span> <span class='ocrx_word' id='word_1_54' title='bbox 591 1226 777 1320; x_wconf 78' lang='lat' dir='ltr'>imaginem</span> <span class='ocrx_word' id='word_1_55' title='bbox 793 1225 866 1297; x_wconf 90' lang='lat' dir='ltr'><strong>Dei</strong></span> <span class='ocrx_word' id='word_1_56' title='bbox 885 1223 998 1298; x_wconf 71' lang='lat' dir='ltr'><strong>fanus</strong></span> <span class='ocrx_word' id='word_1_57' title='bbox 1018 1224 1079 1302; x_wconf 85' lang='lat' dir='ltr'><strong>est.</strong></span> 
     </span>
    </p>

    <p class='ocr_par' dir='ltr' id='par_1_6' title="bbox 291 1323 1359 1923">
     <span class='ocr_line' id='line_1_11' title="bbox 375 1323 1359 1418; baseline 0.004 -19"><span class='ocrx_word' id='word_1_58' title='bbox 375 1332 435 1399; x_wconf 77' lang='lat' dir='ltr'><strong>He</strong></span> <span class='ocrx_word' id='word_1_59' title='bbox 450 1330 533 1414; x_wconf 79' lang='lat' dir='ltr'><strong>sunt</strong></span> <span class='ocrx_word' id='word_1_60' title='bbox 549 1331 769 1418; x_wconf 74' lang='lat' dir='ltr'><strong>generationes</strong></span> <span class='ocrx_word' id='word_1_61' title='bbox 794 1329 891 1411; x_wconf 81' lang='lat' dir='ltr'><strong>Noe,</strong></span> <span class='ocrx_word' id='word_1_62' title='bbox 927 1324 1011 1417; x_wconf 65' lang='grc' dir='ltr'>δια]</span> <span class='ocrx_word' id='word_1_63' title='bbox 1062 1323 1099 1397; x_wconf 91' lang='lat' dir='ltr'><strong>Si</strong></span> <span class='ocrx_word' id='word_1_64' title='bbox 1120 1328 1359 1403; x_wconf 86' lang='lat' dir='ltr'><strong>communiori</strong></span> 
     </span>
     <span class='ocr_line' id='line_1_12' title="bbox 291 1422 1358 1523; baseline -0.002 -21"><span class='ocrx_word' id='word_1_65' title='bbox 291 1426 396 1503; x_wconf 90' lang='lat' dir='ltr'><strong>sensu</strong></span> <span class='ocrx_word' id='word_1_66' title='bbox 415 1428 491 1501; x_wconf 87' lang='lat' dir='ltr'><strong>haec</strong></span> <span class='ocrx_word' id='word_1_67' title='bbox 510 1424 638 1518; x_wconf 87' lang='lat' dir='ltr'><strong>scripta</strong></span> <span class='ocrx_word' id='word_1_68' title='bbox 657 1422 792 1515; x_wconf 82' lang='lat' dir='ltr'><strong>essent,</strong></span> <span class='ocrx_word' id='word_1_69' title='bbox 818 1424 873 1496; x_wconf 83' lang='lat' dir='ltr'><strong>his</strong></span> <span class='ocrx_word' id='word_1_70' title='bbox 893 1426 1038 1499; x_wconf 87' lang='lat' dir='ltr'><strong>verbis.</strong></span> <span class='ocrx_word' id='word_1_71' title='bbox 1059 1429 1119 1496; x_wconf 76' lang='lat' dir='ltr'><strong>He</strong></span> <span class='ocrx_word' id='word_1_72' title='bbox 1134 1430 1216 1515; x_wconf 82' lang='lat' dir='ltr'><strong>sunt</strong></span> <span class='ocrx_word' id='word_1_73' title='bbox 1228 1454 1358 1523; x_wconf 65' lang='lat' dir='ltr'><strong>genero</strong></span> 
     </span>
     <span class='ocr_line' id='line_1_13' title="bbox 293 1525 1356 1638; baseline -0.001 -37"><span class='ocrx_word' id='word_1_74' title='bbox 293 1533 400 1601; x_wconf 82' lang='lat' dir='ltr'><strong>times</strong></span> <span class='ocrx_word' id='word_1_75' title='bbox 426 1530 521 1610; x_wconf 82' lang='grc' dir='ltr'>Νιι,</span> <span class='ocrx_word' id='word_1_76' title='bbox 547 1525 805 1638; x_wconf 82' lang='lat' dir='ltr'><strong>adjungendum</strong></span> <span class='ocrx_word' id='word_1_77' title='bbox 831 1537 931 1615; x_wconf 85' lang='lat' dir='ltr'><strong>erat,</strong></span> <span class='ocrx_word' id='word_1_78' title='bbox 959 1530 1030 1597; x_wconf 85' lang='lat' dir='ltr'><strong>Noe</strong></span> <span class='ocrx_word' id='word_1_79' title='bbox 1045 1532 1158 1616; x_wconf 79' lang='lat' dir='ltr'><strong>genuit</strong></span> <span class='ocrx_word' id='word_1_80' title='bbox 1177 1544 1241 1599; x_wconf 86' lang='lat' dir='ltr'><strong>tres</strong></span> <span class='ocrx_word' id='word_1_81' title='bbox 1254 1528 1356 1625; x_wconf 77' lang='lat' dir='ltr'><strong>fliius.</strong></span> 
     </span>
     <span class='ocr_line' id='line_1_14' title="bbox 292 1621 1356 1722; baseline -0.001 -22"><span class='ocrx_word' id='word_1_82' title='bbox 292 1625 406 1700; x_wconf 91' lang='lat' dir='ltr'><strong>Nunc</strong></span> <span class='ocrx_word' id='word_1_83' title='bbox 437 1644 531 1699; x_wconf 91' lang='lat' dir='ltr'><strong>vero</strong></span> <span class='ocrx_word' id='word_1_84' title='bbox 553 1627 731 1717; x_wconf 84' lang='lat' dir='ltr'><strong>quoniam</strong></span> <span class='ocrx_word' id='word_1_85' title='bbox 759 1621 901 1722; x_wconf 85' lang='lat' dir='ltr'><strong>J&#39;ustitiae</strong></span> <span class='ocrx_word' id='word_1_86' title='bbox 927 1638 1003 1696; x_wconf 85' lang='lat' dir='ltr'><strong>erat</strong></span> <span class='ocrx_word' id='word_1_87' title='bbox 1032 1628 1217 1720; x_wconf 88' lang='lat' dir='ltr'><strong>generatio</strong></span> <span class='ocrx_word' id='word_1_88' title='bbox 1247 1629 1356 1721; x_wconf 84' lang='lat' dir='ltr'><strong>ejus,</strong></span> 
     </span>
     <span class='ocr_line' id='line_1_15' title="bbox 291 1722 1354 1850; baseline 0.006 -54"><span class='ocrx_word' id='word_1_89' title='bbox 291 1728 392 1844; x_wconf 67' lang='lat' dir='ltr'><strong>ptius</strong></span> <span class='ocrx_word' id='word_1_90' title='bbox 414 1724 543 1798; x_wconf 63' lang='lat' dir='ltr'><strong>dietum</strong></span> <span class='ocrx_word' id='word_1_91' title='bbox 571 1722 647 1819; x_wconf 89' lang='lat' dir='ltr'><strong>est,</strong></span> <span class='ocrx_word' id='word_1_92' title='bbox 679 1725 728 1794; x_wconf 81' lang='lat' dir='ltr'><strong>lrae</strong></span> <span class='ocrx_word' id='word_1_93' title='bbox 739 1724 824 1822; x_wconf 74' lang='lat' dir='ltr'><strong>sient</strong></span> <span class='ocrx_word' id='word_1_94' title='bbox 838 1730 1084 1817; x_wconf 76' lang='lat' dir='ltr'><strong>generationes,</strong></span> <span class='ocrx_word' id='word_1_95' title='bbox 1119 1724 1153 1799; x_wconf 70' lang='grc' dir='ltr'><strong>ἃ</strong></span> <span class='ocrx_word' id='word_1_96' title='bbox 1179 1725 1354 1850; x_wconf 56' lang='lat' dir='ltr'><strong>additum:</strong></span> 
     </span>
     <span class='ocr_line' id='line_1_16' title="bbox 291 1826 726 1923; baseline 0.005 -25"><span class='ocrx_word' id='word_1_97' title='bbox 291 1834 349 1898; x_wconf 75' lang='lat' dir='ltr'><strong>vir</strong></span> <span class='ocrx_word' id='word_1_98' title='bbox 367 1842 439 1898; x_wconf 84' lang='lat' dir='ltr'><strong>erat</strong></span> <span class='ocrx_word' id='word_1_99' title='bbox 451 1826 562 1923; x_wconf 80' lang='lat' dir='ltr'><strong>Juflus.</strong></span> <span class='ocrx_word' id='word_1_100' title='bbox 719 1882 726 1900; x_wconf 56' lang='grc' dir='ltr'><strong>ι</strong></span> 
     </span>
    </p>

    <p class='ocr_par' dir='ltr' id='par_1_7' title="bbox 288 1924 1356 2519">
     <span class='ocr_line' id='line_1_17' title="bbox 371 1924 1356 2018; baseline 0.002 -21"><span class='ocrx_word' id='word_1_101' title='bbox 371 1930 440 1997; x_wconf 82' lang='lat' dir='ltr'><strong>Deo</strong></span> <span class='ocrx_word' id='word_1_102' title='bbox 456 1928 575 2012; x_wconf 80' lang='lat' dir='ltr'><strong>placuit</strong></span> <span class='ocrx_word' id='word_1_103' title='bbox 592 1927 672 1999; x_wconf 87' lang='lat' dir='ltr'><strong>Noe.</strong></span> <span class='ocrx_word' id='word_1_104' title='bbox 702 1926 825 1996; x_wconf 83' lang='lat' dir='ltr'><strong>Genuit</strong></span> <span class='ocrx_word' id='word_1_105' title='bbox 840 1937 948 1995; x_wconf 80' lang='lat' dir='ltr'><strong>autent</strong></span> <span class='ocrx_word' id='word_1_106' title='bbox 964 1924 1036 1997; x_wconf 80' lang='lat' dir='ltr'><strong>Nee</strong></span> <span class='ocrx_word' id='word_1_107' title='bbox 1052 1941 1118 1998; x_wconf 86' lang='lat' dir='ltr'><strong>tres</strong></span> <span class='ocrx_word' id='word_1_108' title='bbox 1125 1926 1237 2016; x_wconf 80' lang='lat' dir='ltr'><strong>filies</strong></span> <span class='ocrx_word' id='word_1_109' title='bbox 1264 1932 1356 2018; x_wconf 82' lang='lat' dir='ltr'><strong>Sem,</strong></span> 
     </span>
     <span class='ocr_line' id='line_1_18' title="bbox 290 2023 1356 2122; baseline -0.001 -23"><span class='ocrx_word' id='word_1_110' title='bbox 290 2023 450 2103; x_wconf 68' lang='lat' dir='ltr'><strong>cnam&amp;</strong></span> <span class='ocrx_word' id='word_1_111' title='bbox 467 2027 620 2122; x_wconf 74' lang='lat' dir='ltr'><strong>Jupiter]</strong></span> <span class='ocrx_word' id='word_1_112' title='bbox 672 2024 784 2118; x_wconf 80' lang='lat' dir='ltr'><strong>Supra</strong></span> <span class='ocrx_word' id='word_1_113' title='bbox 801 2024 951 2122; x_wconf 87' lang='lat' dir='ltr'><strong>legitur,</strong></span> <span class='ocrx_word' id='word_1_114' title='bbox 984 2028 1066 2097; x_wconf 78' lang='lat' dir='ltr'><strong>Vini¹</strong></span> <span class='ocrx_word' id='word_1_115' title='bbox 1068 2041 1083 2095; x_wconf 90' lang='grc' dir='ltr'><strong>ι</strong></span> <span class='ocrx_word' id='word_1_116' title='bbox 1101 2027 1240 2097; x_wconf 74' lang='lat' dir='ltr'><strong>Lamech</strong></span> <span class='ocrx_word' id='word_1_117' title='bbox 1253 2051 1356 2098; x_wconf 80' lang='lat' dir='ltr'><strong>annes</strong></span> 
     </span>
     <span class='ocr_line' id='line_1_19' title="bbox 288 2121 1356 2217; baseline 0.002 -19"><span class='ocrx_word' id='word_1_118' title='bbox 288 2143 419 2198; x_wconf 77' lang='lat' dir='ltr'><strong>rentem</strong></span> <span class='ocrx_word' id='word_1_119' title='bbox 443 2121 483 2202; x_wconf 67' lang='lat' dir='ltr'><strong>D</strong></span> <span class='ocrx_word' id='word_1_120' title='bbox 506 2122 667 2217; x_wconf 62' lang='lat' dir='ltr'><strong>olioginta</strong></span> <span class='ocrx_word' id='word_1_121' title='bbox 694 2126 733 2200; x_wconf 68' lang='lat' dir='ltr'><em>U</em></span> <span class='ocrx_word' id='word_1_122' title='bbox 755 2121 844 2208; x_wconf 67' lang='lat' dir='ltr'><strong>olio,</strong></span> <span class='ocrx_word' id='word_1_123' title='bbox 876 2121 915 2200; x_wconf 71' lang='lat' dir='ltr'><strong>D</strong></span> <span class='ocrx_word' id='word_1_124' title='bbox 937 2129 1050 2217; x_wconf 83' lang='lat' dir='ltr'><strong>genuit</strong></span> <span class='ocrx_word' id='word_1_125' title='bbox 1070 2127 1150 2198; x_wconf 88' lang='lat' dir='ltr'><strong>Noe.</strong></span> <span class='ocrx_word' id='word_1_126' title='bbox 1204 2128 1250 2197; x_wconf 83' lang='lat' dir='ltr'><strong>Et</strong></span> <span class='ocrx_word' id='word_1_127' title='bbox 1265 2131 1356 2200; x_wconf 79' lang='lat' dir='ltr'><strong>vixit</strong></span> 
     </span>
     <span class='ocr_line' id='line_1_20' title="bbox 294 2221 1355 2323; baseline -0.003 -24"><span class='ocrx_word' id='word_1_128' title='bbox 294 2227 437 2299; x_wconf 75' lang='lat' dir='ltr'><strong>Lamech</strong></span> <span class='ocrx_word' id='word_1_129' title='bbox 445 2226 602 2323; x_wconf 72' lang='lat' dir='ltr'><strong>postquam</strong></span> <span class='ocrx_word' id='word_1_130' title='bbox 610 2228 722 2315; x_wconf 74' lang='lat' dir='ltr'><strong>genuit</strong></span> <span class='ocrx_word' id='word_1_131' title='bbox 739 2226 810 2296; x_wconf 87' lang='lat' dir='ltr'><strong>Nee</strong></span> <span class='ocrx_word' id='word_1_132' title='bbox 826 2247 926 2295; x_wconf 84' lang='lat' dir='ltr'><strong>arrrwr</strong></span> <span class='ocrx_word' id='word_1_133' title='bbox 944 2228 1061 2296; x_wconf 86' lang='lat' dir='ltr'><strong>DLX</strong></span> <span class='ocrx_word' id='word_1_134' title='bbox 1062 2228 1104 2297; x_wconf 85' lang='lat' dir='ltr'><em>V</em></span> <span class='ocrx_word' id='word_1_135' title='bbox 1130 2221 1170 2303; x_wconf 68' lang='lat'><strong>(5</strong></span> <span class='ocrx_word' id='word_1_136' title='bbox 1178 2224 1267 2316; x_wconf 74' lang='lat' dir='ltr'><strong>frisii</strong></span> <span class='ocrx_word' id='word_1_137' title='bbox 1276 2230 1355 2313; x_wconf 72' lang='lat' dir='ltr'><strong>(unt</strong></span> 
     </span>
     <span class='ocr_line' id='line_1_21' title="bbox 289 2323 1355 2422; baseline -0.002 -24"><span class='ocrx_word' id='word_1_138' title='bbox 289 2349 397 2398; x_wconf 73' lang='lat' dir='ltr'><strong>onnes</strong></span> <span class='ocrx_word' id='word_1_139' title='bbox 416 2330 482 2398; x_wconf 85' lang='lat' dir='ltr'><strong>dier</strong></span> <span class='ocrx_word' id='word_1_140' title='bbox 501 2326 637 2398; x_wconf 78' lang='lat' dir='ltr'><strong>Lamecn</strong></span> <span class='ocrx_word' id='word_1_141' title='bbox 651 2348 732 2394; x_wconf 81' lang='lat' dir='ltr'><strong>arent</strong></span> <span class='ocrx_word' id='word_1_142' title='bbox 727 2323 933 2419; x_wconf 80' lang='lat' dir='ltr'><strong>septingenti</strong></span> <span class='ocrx_word' id='word_1_143' title='bbox 948 2329 1183 2422; x_wconf 77' lang='lat' dir='ltr'><strong>qninquaginta</strong></span> <span class='ocrx_word' id='word_1_144' title='bbox 1201 2342 1288 2420; x_wconf 85' lang='lat' dir='ltr'><strong>tres,</strong></span> <span class='ocrx_word' id='word_1_145' title='bbox 1313 2326 1355 2405; x_wconf 65' lang='grc' dir='ltr'><strong><em>Θ</em></strong></span> 
     </span>
     <span class='ocr_line' id='line_1_22' title="bbox 291 2423 1354 2521; baseline 0.002 -25"><span class='ocrx_word' id='word_1_146' title='bbox 291 2425 508 2521; x_wconf 76' lang='lat' dir='ltr'><strong>morteuseJi.</strong></span> <span class='ocrx_word' id='word_1_147' title='bbox 565 2427 636 2512; x_wconf 83' lang='lat' dir='ltr'><strong>Et,</strong></span> <span class='ocrx_word' id='word_1_148' title='bbox 665 2440 734 2494; x_wconf 82' lang='lat' dir='ltr'><strong>erat</strong></span> <span class='ocrx_word' id='word_1_149' title='bbox 759 2427 828 2495; x_wconf 86' lang='lat' dir='ltr'><strong>Nee</strong></span> <span class='ocrx_word' id='word_1_150' title='bbox 848 2449 1008 2494; x_wconf 84' lang='lat' dir='ltr'><strong>annorum</strong></span> <span class='ocrx_word' id='word_1_151' title='bbox 1037 2431 1081 2499; x_wconf 98' lang='lat' dir='ltr'><strong>D.</strong></span> <span class='ocrx_word' id='word_1_152' title='bbox 1101 2423 1140 2503; x_wconf 66' lang='lat' dir='ltr'><strong>D</strong></span> <span class='ocrx_word' id='word_1_153' title='bbox 1160 2433 1274 2519; x_wconf 86' lang='lat' dir='ltr'><strong>genuit</strong></span> <span class='ocrx_word' id='word_1_154' title='bbox 1288 2444 1354 2498; x_wconf 79' lang='lat' dir='ltr'><strong>tres</strong></span> 
     </span>
    </p>

    <p class='ocr_par' dir='ltr' id='par_1_8' title="bbox 283 2520 1458 3715">
     <span class='ocr_line' id='line_1_23' title="bbox 283 2520 1355 2621; baseline 0.003 -24.084"><span class='ocrx_word' id='word_1_155' title='bbox 283 2528 384 2620; x_wconf 75' lang='lat' dir='ltr'><strong>filies.</strong></span> <span class='ocrx_word' id='word_1_156' title='bbox 425 2522 549 2599; x_wconf 81' lang='lat' dir='ltr'><strong>Etiam</strong></span> <span class='ocrx_word' id='word_1_157' title='bbox 560 2524 620 2598; x_wconf 88' lang='lat' dir='ltr'><strong>hic</strong></span> <span class='ocrx_word' id='word_1_158' title='bbox 632 2541 806 2596; x_wconf 88' lang='lat' dir='ltr'><strong>annorum</strong></span> <span class='ocrx_word' id='word_1_159' title='bbox 822 2520 911 2596; x_wconf 94' lang='lat' dir='ltr'><strong>Noe</strong></span> <span class='ocrx_word' id='word_1_160' title='bbox 926 2520 1105 2621; x_wconf 77' lang='lat' dir='ltr'><strong>sexaginta</strong></span> <span class='ocrx_word' id='word_1_161' title='bbox 1115 2546 1273 2618; x_wconf 85' lang='lat' dir='ltr'><strong>qumque</strong></span> <span class='ocrx_word' id='word_1_162' title='bbox 1290 2524 1355 2601; x_wconf 73' lang='lat' dir='ltr'><strong>dil*-</strong></span> 
     </span>
     <span class='ocr_line' id='line_1_24' title="bbox 291 2621 1458 2720; baseline -0.001 -21"><span class='ocrx_word' id='word_1_163' title='bbox 291 2626 511 2720; x_wconf 85' lang='lat' dir='ltr'><strong>crepantiam</strong></span> <span class='ocrx_word' id='word_1_164' title='bbox 528 2621 836 2718; x_wconf 85' lang='lat' dir='ltr'><strong>deprehendimus.</strong></span> <span class='ocrx_word' id='word_1_165' title='bbox 888 2623 1025 2697; x_wconf 88' lang='lat' dir='ltr'><strong>Verum</strong></span> <span class='ocrx_word' id='word_1_166' title='bbox 1044 2625 1119 2697; x_wconf 91' lang='lat' dir='ltr'><strong>hoc</strong></span> <span class='ocrx_word' id='word_1_167' title='bbox 1136 2626 1225 2698; x_wconf 93' lang='lat' dir='ltr'><strong>loco</strong></span> <span class='ocrx_word' id='word_1_168' title='bbox 1246 2624 1355 2720; x_wconf 88' lang='lat' dir='ltr'><strong>scrip·</strong></span> <span class='ocrx_word' id='word_1_169' title='bbox 1456 2713 1458 2720; x_wconf 21' lang='grc' dir='ltr'>Ι</span> 
     </span>
     <span class='ocr_line' id='line_1_25' title="bbox 291 2720 1354 2815; baseline 0.003 -17"><span class='ocrx_word' id='word_1_170' title='bbox 291 2739 374 2798; x_wconf 79' lang='lat' dir='ltr'><strong>turn</strong></span> <span class='ocrx_word' id='word_1_171' title='bbox 393 2724 482 2797; x_wconf 88' lang='lat' dir='ltr'><strong>dicit</strong></span> <span class='ocrx_word' id='word_1_172' title='bbox 496 2722 583 2799; x_wconf 94' lang='lat' dir='ltr'><strong>Noe</strong></span> <span class='ocrx_word' id='word_1_173' title='bbox 601 2721 685 2796; x_wconf 91' lang='lat' dir='ltr'><strong>Deo</strong></span> <span class='ocrx_word' id='word_1_174' title='bbox 704 2720 892 2815; x_wconf 85' lang='lat' dir='ltr'><strong>placuille,</strong></span> <span class='ocrx_word' id='word_1_175' title='bbox 924 2721 1013 2794; x_wconf 90' lang='lat' dir='ltr'><strong>srcut</strong></span> <span class='ocrx_word' id='word_1_176' title='bbox 1033 2724 1138 2797; x_wconf 88' lang='lat' dir='ltr'><strong>etiam</strong></span> <span class='ocrx_word' id='word_1_177' title='bbox 1158 2723 1206 2796; x_wconf 88' lang='lat' dir='ltr'><strong>de</strong></span> <span class='ocrx_word' id='word_1_178' title='bbox 1221 2723 1354 2802; x_wconf 84' lang='lat' dir='ltr'><strong>Enoch</strong></span> 
     </span>
     <span class='ocr_line' id='line_1_26' title="bbox 291 2820 1352 2940; baseline 0.001 -43"><span class='ocrx_word' id='word_1_179' title='bbox 291 2821 462 2940; x_wconf 80' lang='lat' dir='ltr'><strong>scriptum</strong></span> <span class='ocrx_word' id='word_1_180' title='bbox 488 2821 549 2900; x_wconf 91' lang='lat' dir='ltr'><strong>est.</strong></span> <span class='ocrx_word' id='word_1_181' title='bbox 598 2820 694 2895; x_wconf 81' lang='lat' dir='ltr'><strong>Nam</strong></span> <span class='ocrx_word' id='word_1_182' title='bbox 717 2822 776 2894; x_wconf 89' lang='lat' dir='ltr'><strong>ille</strong></span> <span class='ocrx_word' id='word_1_183' title='bbox 803 2841 950 2913; x_wconf 80' lang='lat' dir='ltr'><strong>quoque</strong></span> <span class='ocrx_word' id='word_1_184' title='bbox 980 2842 1063 2895; x_wconf 92' lang='lat' dir='ltr'><strong>cum</strong></span> <span class='ocrx_word' id='word_1_185' title='bbox 1086 2823 1220 2916; x_wconf 86' lang='lat' dir='ltr'><strong>placuit</strong></span> <span class='ocrx_word' id='word_1_186' title='bbox 1243 2824 1352 2920; x_wconf 91' lang='lat' dir='ltr'><strong>Deo,</strong></span> 
     </span>
     <span class='ocr_line' id='line_1_27' title="bbox 288 2919 1355 3017; baseline 0.005 -22"><span class='ocrx_word' id='word_1_187' title='bbox 288 2935 382 2997; x_wconf 87' lang='lat' dir='ltr'><strong>tunc</strong></span> <span class='ocrx_word' id='word_1_188' title='bbox 405 2925 595 2997; x_wconf 81' lang='lat' dir='ltr'><strong>translatus</strong></span> <span class='ocrx_word' id='word_1_189' title='bbox 622 2921 674 2996; x_wconf 87' lang='lat' dir='ltr'><strong>est</strong></span> <span class='ocrx_word' id='word_1_190' title='bbox 704 2922 747 2993; x_wconf 85' lang='lat' dir='ltr'><strong>ab</strong></span> <span class='ocrx_word' id='word_1_191' title='bbox 779 2941 837 2996; x_wconf 88' lang='lat' dir='ltr'><strong>eo.</strong></span> <span class='ocrx_word' id='word_1_192' title='bbox 888 2919 1057 2995; x_wconf 85' lang='lat' dir='ltr'><strong>Similiter</strong></span> <span class='ocrx_word' id='word_1_193' title='bbox 1086 2934 1206 2998; x_wconf 84' lang='lat' dir='ltr'><strong>eutem</strong></span> <span class='ocrx_word' id='word_1_194' title='bbox 1233 2922 1266 2995; x_wconf 74' lang='grc' dir='ltr'>ἀ</span> <span class='ocrx_word' id='word_1_195' title='bbox 1290 2924 1355 3017; x_wconf 74' lang='lat' dir='ltr'><strong>ipsi</strong></span> 
     </span>
     <span class='ocr_line' id='line_1_28' title="bbox 289 3020 1354 3118; baseline 0 -22"><span class='ocrx_word' id='word_1_196' title='bbox 289 3020 380 3096; x_wconf 88' lang='lat' dir='ltr'><strong>Noe</strong></span> <span class='ocrx_word' id='word_1_197' title='bbox 407 3021 588 3118; x_wconf 82' lang='lat' dir='ltr'><strong>sexaginta</strong></span> <span class='ocrx_word' id='word_1_198' title='bbox 615 3021 771 3111; x_wconf 87' lang='lat' dir='ltr'><strong>quinque</strong></span> <span class='ocrx_word' id='word_1_199' title='bbox 798 3039 942 3112; x_wconf 84' lang='lat' dir='ltr'><strong>annos,</strong></span> <span class='ocrx_word' id='word_1_200' title='bbox 981 3035 1170 3113; x_wconf 81' lang='lat' dir='ltr'><strong>antequem</strong></span> <span class='ocrx_word' id='word_1_201' title='bbox 1195 3023 1354 3118; x_wconf 85' lang='lat' dir='ltr'><strong>placeret</strong></span> 
     </span>
     <span class='ocr_line' id='line_1_29' title="bbox 288 3119 1354 3217; baseline 0.002 -21"><span class='ocrx_word' id='word_1_202' title='bbox 288 3119 392 3215; x_wconf 90' lang='lat' dir='ltr'><strong>Deo,</strong></span> <span class='ocrx_word' id='word_1_203' title='bbox 407 3121 546 3217; x_wconf 83' lang='lat' dir='ltr'><strong>elapsos</strong></span> <span class='ocrx_word' id='word_1_204' title='bbox 562 3141 640 3194; x_wconf 93' lang='lat' dir='ltr'><strong>non</strong></span> <span class='ocrx_word' id='word_1_205' title='bbox 651 3119 879 3211; x_wconf 89' lang='lat' dir='ltr'><strong>computavit</strong></span> <span class='ocrx_word' id='word_1_206' title='bbox 897 3119 1213 3214; x_wconf 80' lang='lat' dir='ltr'><strong>divinascriptura.</strong></span> <span class='ocrx_word' id='word_1_207' title='bbox 1239 3122 1354 3198; x_wconf 88' lang='lat' dir='ltr'><strong>Sicuti</strong></span> 
     </span>
     <span class='ocr_line' id='line_1_30' title="bbox 288 3216 1450 3334; baseline 0.001 -37"><span class='ocrx_word' id='word_1_208' title='bbox 288 3241 361 3297; x_wconf 89' lang='lat' dir='ltr'><strong>nec</strong></span> <span class='ocrx_word' id='word_1_209' title='bbox 376 3219 583 3296; x_wconf 82' lang='lat' dir='ltr'><strong>Abrahamo</strong></span> <span class='ocrx_word' id='word_1_210' title='bbox 601 3216 781 3334; x_wconf 85' lang='lat' dir='ltr'><strong>sexaginta</strong></span> <span class='ocrx_word' id='word_1_211' title='bbox 795 3221 878 3291; x_wconf 88' lang='lat' dir='ltr'><strong>anni</strong></span> <span class='ocrx_word' id='word_1_212' title='bbox 896 3221 1005 3324; x_wconf 75' lang='lat' dir='ltr'><strong>vite,</strong></span> <span class='ocrx_word' id='word_1_213' title='bbox 1032 3233 1221 3313; x_wconf 83' lang='lat' dir='ltr'><strong>antequam</strong></span> <span class='ocrx_word' id='word_1_214' title='bbox 1233 3222 1353 3300; x_wconf 87' lang='lat' dir='ltr'><strong>Deum</strong></span> <span class='ocrx_word' id='word_1_215' title='bbox 1447 3228 1450 3234; x_wconf 86' lang='lat'>&#39;</span> 
     </span>
     <span class='ocr_line' id='line_1_31' title="bbox 289 3317 1351 3418; baseline 0.001 -23"><span class='ocrx_word' id='word_1_216' title='bbox 289 3319 550 3417; x_wconf 85' lang='lat' dir='ltr'><strong>cognosceret</strong></span> <span class='ocrx_word' id='word_1_217' title='bbox 577 3319 784 3413; x_wconf 85' lang='lat' dir='ltr'><strong>computati</strong></span> <span class='ocrx_word' id='word_1_218' title='bbox 792 3317 896 3410; x_wconf 90' lang='lat' dir='ltr'><strong>sunt,</strong></span> <span class='ocrx_word' id='word_1_219' title='bbox 922 3340 992 3391; x_wconf 89' lang='lat' dir='ltr'><strong>nec</strong></span> <span class='ocrx_word' id='word_1_220' title='bbox 1006 3317 1164 3393; x_wconf 84' lang='lat' dir='ltr'><strong>Enocho</strong></span> <span class='ocrx_word' id='word_1_221' title='bbox 1184 3324 1351 3418; x_wconf 78' lang='lat' dir='ltr'><strong>triginta,</strong></span> 
     </span>
     <span class='ocr_line' id='line_1_32' title="bbox 287 3418 1351 3517; baseline 0.003 -23"><span class='ocrx_word' id='word_1_222' title='bbox 287 3439 360 3495; x_wconf 90' lang='lat' dir='ltr'><strong>nec</strong></span> <span class='ocrx_word' id='word_1_223' title='bbox 378 3420 474 3494; x_wconf 89' lang='lat' dir='ltr'><strong>Sauli</strong></span> <span class='ocrx_word' id='word_1_224' title='bbox 501 3418 658 3517; x_wconf 88' lang='lat' dir='ltr'><strong>viginti,</strong></span> <span class='ocrx_word' id='word_1_225' title='bbox 696 3440 766 3491; x_wconf 89' lang='lat' dir='ltr'><strong>nec</strong></span> <span class='ocrx_word' id='word_1_226' title='bbox 793 3418 982 3492; x_wconf 88' lang='lat' dir='ltr'><strong>Salomoni</strong></span> <span class='ocrx_word' id='word_1_227' title='bbox 1004 3419 1255 3516; x_wconf 81' lang='lat' dir='ltr'><strong>quadraginta,</strong></span> <span class='ocrx_word' id='word_1_228' title='bbox 1281 3441 1351 3497; x_wconf 82' lang='lat' dir='ltr'><strong>nee</strong></span> 
     </span>
     <span class='ocr_line' id='line_1_33' title="bbox 286 3513 1352 3617; baseline 0.003 -24"><span class='ocrx_word' id='word_1_229' title='bbox 286 3515 527 3617; x_wconf 76' lang='lat' dir='ltr'><strong>Ezecltiaesep</strong></span> <span class='ocrx_word' id='word_1_230' title='bbox 529 3533 614 3594; x_wconf 88' lang='lat' dir='ltr'><strong>tem</strong></span> <span class='ocrx_word' id='word_1_231' title='bbox 619 3516 751 3591; x_wconf 89' lang='lat' dir='ltr'><strong>decim.</strong></span> <span class='ocrx_word' id='word_1_232' title='bbox 776 3513 836 3591; x_wconf 88' lang='lat' dir='ltr'><strong>sed</strong></span> <span class='ocrx_word' id='word_1_233' title='bbox 850 3517 957 3592; x_wconf 84' lang='lat' dir='ltr'><strong>etiam</strong></span> <span class='ocrx_word' id='word_1_234' title='bbox 975 3521 1071 3593; x_wconf 88' lang='lat' dir='ltr'><strong>circa</strong></span> <span class='ocrx_word' id='word_1_235' title='bbox 1086 3519 1352 3596; x_wconf 86' lang='lat' dir='ltr'><strong>Mathusalare·</strong></span> 
     </span>
     <span class='ocr_line' id='line_1_34' title="bbox 286 3618 1054 3715; baseline -0.003 -21"><span class='ocrx_word' id='word_1_236' title='bbox 286 3622 429 3715; x_wconf 88' lang='lat' dir='ltr'><strong>peritur</strong></span> <span class='ocrx_word' id='word_1_237' title='bbox 445 3618 630 3695; x_wconf 87' lang='lat' dir='ltr'><strong>discrimen</strong></span> <span class='ocrx_word' id='word_1_238' title='bbox 646 3638 823 3691; x_wconf 88' lang='lat' dir='ltr'><strong>annorum</strong></span> <span class='ocrx_word' id='word_1_239' title='bbox 839 3618 1054 3708; x_wconf 85' lang='lat' dir='ltr'><strong>quindecim.</strong></span> 
     </span>
    </p>

    <p class='ocr_par' dir='ltr' id='par_1_9' title="bbox 367 3716 1352 3818">
     <span class='ocr_line' id='line_1_35' title="bbox 367 3716 1352 3818; baseline 0 -26"><span class='ocrx_word' id='word_1_240' title='bbox 367 3723 524 3818; x_wconf 71' lang='lat' dir='ltr'><strong>Corrupto</strong></span> <span class='ocrx_word' id='word_1_241' title='bbox 543 3722 583 3805; x_wconf 76' lang='lat' dir='ltr'><strong>eli</strong></span> <span class='ocrx_word' id='word_1_242' title='bbox 605 3736 708 3789; x_wconf 82' lang='lat' dir='ltr'><strong>aurem</strong></span> <span class='ocrx_word' id='word_1_243' title='bbox 732 3737 821 3790; x_wconf 82' lang='lat' dir='ltr'><strong>terre</strong></span> <span class='ocrx_word' id='word_1_244' title='bbox 841 3737 918 3789; x_wconf 80' lang='lat' dir='ltr'><strong>ente</strong></span> <span class='ocrx_word' id='word_1_245' title='bbox 944 3723 1070 3811; x_wconf 82' lang='lat' dir='ltr'><strong>Deum,</strong></span> <span class='ocrx_word' id='word_1_246' title='bbox 1096 3716 1136 3795; x_wconf 68' lang='lat' dir='ltr'><strong>D</strong></span> <span class='ocrx_word' id='word_1_247' title='bbox 1161 3720 1288 3816; x_wconf 80' lang='lat' dir='ltr'><strong>impleta</strong></span> <span class='ocrx_word' id='word_1_248' title='bbox 1312 3719 1352 3816; x_wconf 66' lang='grc' dir='ltr'><strong>ιβ</strong></span> 
     </span>
    </p>
   </div>
   <div class='ocr_carea' id='block_1_6' title="bbox 285 3820 1472 3918">
    <p class='ocr_par' dir='ltr' id='par_1_10' title="bbox 285 3820 1472 3918">
     <span class='ocr_line' id='line_1_36' title="bbox 285 3820 1472 3918; baseline 0.003 -24"><span class='ocrx_word' id='word_1_249' title='bbox 285 3833 377 3894; x_wconf 78' lang='lat' dir='ltr'><strong>terra</strong></span> <span class='ocrx_word' id='word_1_250' title='bbox 394 3824 593 3918; x_wconf 78' lang='lat' dir='ltr'><strong>iniquitate,</strong></span> <span class='ocrx_word' id='word_1_251' title='bbox 618 3821 657 3894; x_wconf 69' lang='grc' dir='ltr'>θ</span> <span class='ocrx_word' id='word_1_252' title='bbox 672 3821 759 3889; x_wconf 83' lang='lat' dir='ltr'><strong>vidit</strong></span> <span class='ocrx_word' id='word_1_253' title='bbox 783 3823 941 3889; x_wconf 82' lang='lat' dir='ltr'><strong>Dominus</strong></span> <span class='ocrx_word' id='word_1_254' title='bbox 960 3825 1203 3899; x_wconf 82' lang='lat' dir='ltr'><strong>Deusterronr‚</strong></span> <span class='ocrx_word' id='word_1_255' title='bbox 1228 3820 1267 3895; x_wconf 70' lang='lat' dir='ltr'><strong><em>U</em></strong></span> <span class='ocrx_word' id='word_1_256' title='bbox 1281 3837 1352 3898; x_wconf 81' lang='lat' dir='ltr'><strong>erat</strong></span> <span class='ocrx_word' id='word_1_257' title='bbox 1467 3865 1472 3878; x_wconf 91' lang='lat'>·</span> 
     </span>
    </p>
   </div>
   <div class='ocr_carea' id='block_1_7' title="bbox 287 3921 1350 4017">
    <p class='ocr_par' dir='ltr' id='par_1_11' title="bbox 287 3921 1350 4017">
     <span class='ocr_line' id='line_1_37' title="bbox 287 3921 1350 4017; baseline -0.001 -24"><span class='ocrx_word' id='word_1_258' title='bbox 287 3936 459 4016; x_wconf 75' lang='lat' dir='ltr'><strong>correpta,</strong></span> <span class='ocrx_word' id='word_1_259' title='bbox 484 3928 561 4017; x_wconf 80' lang='lat' dir='ltr'><strong>quia</strong></span> <span class='ocrx_word' id='word_1_260' title='bbox 577 3936 759 4016; x_wconf 74' lang='lat' dir='ltr'><strong>corruperat</strong></span> <span class='ocrx_word' id='word_1_261' title='bbox 778 3926 880 3989; x_wconf 84' lang='lat' dir='ltr'><strong>omnis</strong></span> <span class='ocrx_word' id='word_1_262' title='bbox 895 3944 966 3989; x_wconf 84' lang='lat' dir='ltr'><strong>caro</strong></span> <span class='ocrx_word' id='word_1_263' title='bbox 984 3926 1074 3991; x_wconf 81' lang='lat' dir='ltr'><strong>viam</strong></span> <span class='ocrx_word' id='word_1_264' title='bbox 1093 3923 1162 4014; x_wconf 70' lang='lat' dir='ltr'><strong>eine</strong></span> <span class='ocrx_word' id='word_1_265' title='bbox 1177 3921 1274 4015; x_wconf 78' lang='lat' dir='ltr'><strong>super</strong></span> <span class='ocrx_word' id='word_1_266' title='bbox 1286 3938 1350 3992; x_wconf 77' lang='lat' dir='ltr'><strong>ten</strong></span> 
     </span>
    </p>
   </div>
   <div class='ocr_carea' id='block_1_8' title="bbox 286 4017 1350 4218">
    <p class='ocr_par' dir='ltr' id='par_1_12' title="bbox 286 4017 1350 4218">
     <span class='ocr_line' id='line_1_38' title="bbox 286 4017 1350 4131; baseline 0.004 -37"><span class='ocrx_word' id='word_1_267' title='bbox 286 4022 385 4116; x_wconf 58' lang='lat' dir='ltr'><strong>rand</strong></span> <span class='ocrx_word' id='word_1_268' title='bbox 433 4017 832 4131; x_wconf 78' lang='lat' dir='ltr'><strong>Iniquitaa-co&#39;muupit</strong></span> <span class='ocrx_word' id='word_1_269' title='bbox 855 4031 1016 4114; x_wconf 76' lang='grc' dir='ltr'>ιειιιιιιι,</span> <span class='ocrx_word' id='word_1_270' title='bbox 1044 4017 1350 4112; x_wconf 71' lang='lat' dir='ltr'><strong>justitielerretc</strong></span> 
     </span>
     <span class='ocr_line' id='line_1_39' title="bbox 307 4183 314 4218; baseline 0 0"><span class='ocrx_word' id='word_1_271' title='bbox 307 4183 314 4218; x_wconf 85' lang='lat' dir='ltr'><strong>l</strong></span> 
     </span>
    </p>
   </div>
   <div class='ocr_carea' id='block_1_9' title="bbox 1270 4119 1470 4196">
    <p class='ocr_par' dir='ltr' id='par_1_13' title="bbox 1270 4119 1470 4196">
     <span class='ocr_line' id='line_1_40' title="bbox 1270 4119 1470 4196; baseline 0.02 -4"><span class='ocrx_word' id='word_1_272' title='bbox 1270 4119 1470 4196; x_wconf 67' lang='grc' dir='ltr'>ιι...</span> 
     </span>
    </p>
   </div>
   <div class='ocr_carea' id='block_1_10' title="bbox 0 0 1714 4692">
    <p class='ocr_par' dir='ltr' id='par_1_14' title="bbox 0 0 1714 4692">
     <span class='ocr_line' id='line_1_41' title="bbox 0 0 1714 4692; baseline 0 3"><span class='ocrx_word' id='word_1_273' title='bbox 0 0 1714 4692; x_wconf 95' lang='lat' dir='ltr'><strong> </strong></span> 
     </span>
    </p>
   </div>
  </div>
 </body>
</html>
