3417 4692
353 459 442 555 *aaa
556 435 559 442 '
691 451 1105 535 onronnrs
1159 465 1191 480 ··

371 641 448 694 ram
463 619 573 694 sames
596 620 780 714 obtineat,
805 641 882 694 non
900 618 1013 694 solum
1035 640 1112 693 non
1136 620 1282 693 obtinet
1298 618 1437 716 Justos',

371 719 432 797 sed
446 721 584 795 medela
598 722 720 813 potius
736 741 801 815 per
812 742 878 794 eos
892 724 1077 793 intentatae
1093 721 1183 793 cladi
1201 717 1370 794 desertor.

448 844 483 908 4.
510 818 601 894 Cum
625 842 712 918 ergo
732 820 855 894 videas
878 809 1371 914 hujusmodioblervantiam
1394 820 1433 894 in

372 919 541 996 omnibus
561 941 652 1012 pene
674 918 854 1013 scriptura
871 916 993 994 santtae
1015 919 1106 992 locis
1123 919 1261 1016 integre
1280 918 1436 991 custodi·

372 1021 424 1112 ri,
451 1035 629 1093 converte
644 1018 720 1093 haec
737 1019 780 1092 ad
791 1020 971 1115 tropicum
988 1018 1021 1090 dc
1038 1020 1268 1113 allegoricum
1283 1018 1434 1114 sensum,

357 1135 480 1212 ¹quem
500 1115 655 1212 ipsorum
673 1120 904 1193 nihilominus
929 1117 1187 1214 prophetarum
1210 1116 1433 1190 sermonibus

373 1218 590 1302 edocemur„
613 1218 717 1292 Unus
736 1218 829 1293 enim
842 1239 888 1290 ex
903 1218 1092 1292 duodecim
1108 1218 1295 1310 prophetis
1312 1230 1437 1311 aperte

374 1315 611 1391 &evidenter
626 1319 816 1411 spiritalem
834 1317 905 1390 dici
920 1319 1049 1392 famem
1063 1316 1161 1390 nudo
1178 1315 1341 1391 sermone
1351 1337 1437 1411 pro·

361 1417 523 1493 nunciat
543 1416 694 1491 dicens:
730 1419 806 1490 Ecce
824 1419 890 1489 dies
911 1425 1071 1503 venium,
1098 1421 1368 1503 debilitamur,
1394 1417 1437 1493 (θ’

376 1522 522 1589 amittam
535 1516 656 1612 famem
664 1522 757 1616 lupen
774 1533 914 1607 turam,
940 1543 1005 1590 nora
1012 1517 1133 1609 famem
1147 1525 1261 1612 panis,
1286 1541 1383 1611 neque
1390 1517 1438 1614 fi.

358 1621 470 1692 dimo
493 1642 564 1706 aa,
584 1618 638 1707 sed
652 1618 774 1711 famam
793 1621 940 1690 audendi
959 1618 1090 1689 verbum
1111 1622 1255 1689 Domini.
1305 1617 1437 1715 Vides,

244 1785 247 1796 ,
360 1643 510 1810 duait
527 1715 657 1811 fames,
684 1741 761 1809 quae
776 1716 1172 1811 obtinetpeccatoresi
1197 1717 1331 1806 Vides,
1359 1737 1438 1807 quae

363 1815 420 1892 ¹l'rt
434 1815 567 1911 fames,
595 1839 671 1910 quae
688 1816 882 1892 invalescat
900 1815 1171 1909 superterram?
1199 1817 1272 1911 Qui
1287 1818 1379 1889 enim
1394 1817 1440 1891 dc

357 1925 472 1991 ··terra
491 1913 593 2009 sunt,
622 1917 813 1990 &terrena
831 1915 993 2009 sapiunt,
1022 1916 1142 1990 &non
1161 1913 1304 2009 possunt
1321 1917 1437 2008 perci·
1458 1923 1460 1931 “

360 2017 485 2113 pere,
511 2014 681 2106 quaesunt
694 2016 833 2108 spiritus
847 2016 939 2105 Dei,
958 2015 1087 2089 samem
1098 2017 1201 2090 verbi
1216 2015 1283 2087 Dei
1296 2018 1439 2108 patiun-

375 2125 456 2206 tur,
484 2115 570 2210 legis
591 2116 755 2187 mandata
772 2135 848 2187 non
870 2115 1044 2206 audiunt,
1078 2115 1329 2208 correptiones
1354 2117 1439 2208 pro·

374 2213 564 2308 phetarum
586 2210 774 2308 nesciunt,
801 2212 1014 2307 apostolicas
1045 2214 1312 2287 consolationes
1336 2218 1440 2310 igno-

374 2326 478 2404 rant,
503 2331 579 2385 non
598 2311 755 2386 sentiunt
775 2311 962 2410 Evangelii
980 2312 1198 2388 medicinam.
1225 2311 1274 2386 Et
1290 2314 1372 2387 ideo
1393 2315 1439 2389 de

374 2409 577 2498 hismerito
593 2412 741 2505 dicitur,
756 2413 852 2504 quod
866 2414 1018 2486 invaluit
1033 2412 1142 2486 sames
1159 2411 1261 2505 super
1278 2435 1352 2488 eos.
1379 2414 1440 2509 Ju-

366 2507 436 2586 'stis
450 2524 589 2605 autern,
611 2511 695 2585 &in
707 2514 786 2608 lege
801 2512 951 2586 Domini
972 2512 1222 2586 meditantibus
1242 2514 1298 2586 die
1314 2535 1355 2585 ac
1373 2536 1440 2585 no·

368 2608 448 2703 ste,
464 2611 633 2704 sapientia
651 2625 825 2706 praeparat
839 2612 990 2686 mensam
1004 2609 1108 2693 suam,
1130 2613 1266 2685 occidit
1279 2613 1439 2685 viclinas

365 2707 468 2804 suas,
482 2709 605 2792 miscet
614 2713 650 2784 in
663 2727 801 2784 cratere
810 2712 934 2785 vinum
950 2713 1061 2803 suum,
1079 2711 1251 2784 &summa
1262 2734 1357 2785 voce
1371 2714 1441 2785 cla·

367 2822 464 2902 mat,
475 2830 552 2884 non
566 2823 608 2882 ut
624 2831 749 2886 omnes
759 2813 920 2903 veniant,
931 2831 1006 2884 non
1016 2825 1056 2883 ut
1065 2811 1299 2903 abundantes,
1314 2834 1387 2884 non
1398 2826 1440 2886 ut

367 2907 534 3003 ··divites,
560 2930 679 3003 neque
690 2926 732 2982 ut
749 2906 924 3002 sapientes
940 2911 1043 3001 hujos
1059 2910 1179 2983 mundi
1199 2911 1380 2984 divertant
1394 2912 1439 2984 ad

318 3102 322 3106 .
368 3004 432 3102 se,
458 3005 556 3082 sedsr
573 3007 747 3100 quisunt,
772 3010 909 3102 inquit,
935 3010 1063 3106 inopes
1077 3008 1196 3102 sensu,
1222 3013 1372 3082 veniant
1392 3010 1437 3086 ad

374 3118 455 3199 uie,
480 3107 603 3202 idest,
629 3108 730 3199 srqui
746 3106 825 3181 sunt
841 3109 989 3182 humiles
1012 3110 1146 3202 corde,
1173 3111 1233 3202 qui
1254 3133 1272 3182 a
1293 3108 1436 3183 Christo

368 3205 581 3281 'didicerunt
603 3209 707 3284 mites
733 3206 803 3281 esse
826 3207 861 3282 dt
885 3209 1033 3281 humiles
1056 3209 1193 3302 corde,
1228 3209 1325 3299 quod
1353 3210 1436 3283 alibi

369 3303 509 3379 diditur
523 3305 646 3400 spiritu
665 3326 859 3401 pauperes,
886 3307 943 3380 sed
960 3305 1030 3381 fide
1050 3310 1200 3399 divites,
1225 3310 1278 3381 isti
1300 3330 1437 3381 conve-

370 3405 481 3480 nient
501 3406 544 3478 ad
567 3408 688 3500 epulas
705 3404 902 3500 sapientia,
928 3407 1124 3502 &dapibus
1144 3410 1219 3500 ejus
1240 3407 1362 3482 refesti
1378 3409 1438 3483 de·

372 3503 691 3616 pellandrion,
723 3527 799 3599 qua
815 3504 1004 3579 invalescit
1022 3508 1123 3600 super
1144 3521 1286 3584 terram.
1337 3509 1436 3582 Vide

261 3671 267 3685 ,
372 3624 545 3703 crg0,ne
561 3604 645 3677 &tu
660 3605 760 3679 forto
774 3606 967 3679 inveniaris
982 3605 1196 3704 AEgyptius,
1223 3609 1439 3682 &obtineat

372 3699 417 3781 'te
433 3704 570 3798 fames,
595 3726 642 3777 ne
659 3703 758 3779 sor-te
775 3704 890 3779 saculi
905 3705 1036 3779 astibus
1052 3721 1250 3799 occupatus
1275 3721 1336 3780 aut
1355 3730 1437 3781 ava·

297 3823 312 3894 f·
371 3805 467 3885 ’ritiae
477 3805 630 3879 vinculis
646 3801 804 3896 striltm,
831 3804 1437 3899 autluxuriaeeffusroneresolutus,

373 3899 513 3978 ‘alienus
533 3902 693 3978 efficiaris
713 3925 732 3977 a
751 3902 930 3996 sapientie
952 3906 1061 3999 cibis,
1088 3907 1148 3995 qui
1167 3903 1304 3999 semper
1316 3910 1351 3979 in
1368 3907 1440 3980 Dei

373 3997 544 4078 Ecclesris
562 4003 790 4080 exhibentur.
817 4003 852 4077 Si
866 4006 960 4078 enim
981 4020 1122 4079 avertas
1141 4005 1298 4079 auditum
1313 4011 1356 4080 ab
1371 4007 1440 4094 his,

296 4121 459 4227 “qua
477 4106 537 4179 vel
554 4104 725 4204 leguntur
745 4104 785 4180 in
803 4100 982 4200 Ecclesia,
1008 4107 1070 4179 vel
1096 4103 1339 4277 disputabatis,
1367 4107 1440 4204 sine

733 4216 735 4222 ’
1302 4206 1391 4279 ubio
