3417 4692
357 405 429 480 ἰδ
681 397 1090 484 omunia

354 561 538 640 Abraham
554 562 650 640 Isaac
665 563 775 640 filiurn
793 563 914 660 suurn,
938 564 999 642 sed
1020 567 1133 642 amori
1149 569 1265 643 carnis
1281 581 1409 662 pretu-

353 669 397 746 Et
411 687 568 742 amorem
578 667 667 759 Dei,
687 668 904 742 &inventus
923 667 974 740 est
986 687 1063 742 non
1081 668 1118 741 in
1128 669 1320 742 visceribus
1335 689 1413 742 car·

352 769 431 859 nis,
457 766 564 840 sedin
580 764 930 858 visceribuschristi,
954 767 991 841 id
1006 767 1058 842 est
1068 769 1105 840 in
1120 766 1318 844 visceribus
1330 788 1412 846 vet·

353 870 477 944 lai-Dei
494 868 527 940 ἁ
547 867 710 944 veritatis
730 868 762 939 o
779 865 969 960 sapientie.

430 977 463 1052 8.
493 969 652 1041 Extendi!
669 969 807 1060 inquit,
834 968 997 1040 Abrabam
1021 991 1150 1040 nanum
1160 969 1280 1061 snam,
1305 984 1345 1038 ut
1360 991 1411 1038 ac·

350 1073 466 1167 iperet
481 1071 636 1164 gladium,
663 1067 700 1144 (Ἰ
712 1067 1114 1167 jugularetfiliumsuum,
1140 1067 1180 1146 (5
1194 1074 1324 1140 vocavit
1339 1092 1410 1137 eum

351 1170 490 1266 Angelus
511 1173 645 1242 Domini
664 1173 699 1241 dt
713 1170 802 1252 celo,
827 1167 868 1246 ὅ
888 1171 998 1242 naxiae
1021 1171 1207 1255 Abraham,
1232 1170 1409 1242 Abraham.

350 1271 399 1346 At
421 1272 472 1345 sle
494 1265 612 1358 luis,
630 1269 705 1343 Eue
731 1295 791 1363 ego.
846 1271 894 1344 El
920 1271 1027 1342 dixit:
1054 1274 1108 1344 Ne
1129 1274 1412 1367 inflammantem

349 1387 437 1444 tuam
451 1367 539 1466 [seper
554 1392 701 1464 puerum,
726 1395 824 1465 neque
833 1369 942 1462 sarias
956 1375 985 1440 ei
1001 1375 1173 1466 quicquam.
1205 1373 1312 1442 -Num
1324 1375 1412 1442 mim

349 1463 491 1564 cognovi,
506 1477 627 1566 quiana
642 1477 732 1542 times
751 1477 863 1546 Deum.
887 1467 929 1542 In
945 1470 1018 1543 hoc
1036 1490 1123 1564 ergo
1138 1468 1300 1542 sermone
1317 1467 1412 1544 solet

349 1572 461 1662 objlci
482 1572 614 1663 nobis,
641 1570 739 1663 quod
759 1570 861 1643 Deus
884 1569 1038 1646 nuncse
1057 1566 1269 1666 cognoviffe
1289 1568 1409 1661 dicat,

349 1673 431 1764 quia
445 1669 623 1743 Abraham
635 1674 759 1746 timeat
776 1669 916 1763 Deum,
936 1669 1029 1760 quan
1046 1670 1106 1763 qui
1122 1685 1205 1744 ante
1216 1668 1411 1764 ignorave-

346 1773 407 1848 rit.
458 1771 602 1842 Sciebat
629 1771 727 1843 Deus
747 1771 780 1842 δι
802 1791 881 1843 non
899 1791 979 1842 eum
1001 1769 1160 1860 latebat,
1190 1769 1322 1860 quippe
1347 1767 1409 1858 qui

347 1871 457 1946 novit
472 1873 591 1942 omnia
606 1887 794 1962 antequam
810 1867 914 1943 fiant:
941 1869 1000 1941 sed
1016 1885 1165 1964 propter
1183 1882 1220 1941 te
1237 1869 1313 1940 haec
1329 1865 1409 1938 scri.

346 1985 410 2068 pta
429 1968 532 2042 sunt:
558 1972 640 2061 quia
665 1970 758 2042 &tu
779 1967 954 2044 credidisti
972 1969 1113 2060 quidem
1133 1968 1242 2058 Deo,
1269 1965 1327 2044 sed
1344 1967 1409 2040 nisa

348 2089 461 2162 opera
486 2065 568 2140 fidei
600 2069 831 2162 expleveris,
875 2068 937 2141 nisr
964 2069 1001 2139 in
1026 2067 1192 2140 omnibus
1218 2069 1407 2159 praeceptis

347 2172 453 2241 etiam
471 2167 728 2242 difficilioribus
748 2169 927 2272 pprueris,
953 2168 1016 2241 nist
1037 2164 1245 2242 sacrificium
1263 2168 1407 2242 obtule·

346 2273 417 2357 ris,
444 2266 478 2337 δι
505 2266 722 2360 ostenderis,
750 2269 831 2358 quia
854 2287 924 2340 nec
948 2282 1105 2360 patrem,
1139 2288 1207 2340 nec
1227 2281 1406 2357 matrem,

346 2387 415 2444 nec
427 2363 522 2439 filios
541 2367 707 2460 praeferas
724 2367 828 2456 Deo,
847 2389 927 2444 non,
942 2367 1165 2463 agnosceris,
1181 2368 1262 2456 quia
1278 2368 1404 2444 timeas

345 2466 488 2558 Deum,
514 2487 582 2539 nec
601 2467 740 2544 dicetur
760 2467 804 2540 de
823 2481 881 2558 te,
909 2469 990 2558 quia
1006 2487 1103 2539 nunc
1119 2467 1300 2561 cognovi,
1322 2467 1406 2558 quia

341 2569 471 2640 timeas
491 2581 532 2638 tu
550 2567 695 2641 Deum..
720 2563 767 2639 Et
781 2582 900 2639 tamen
921 2567 1212 2642 confiderandum
1229 2564 1298 2658 est,
1324 2568 1408 2657 quia

347 2669 493 2762 angelus
506 2667 582 2740 haec
597 2667 753 2741 refertur
768 2667 810 2739 ad
825 2665 1004 2739 Abraham
1023 2670 1188 2758 locutus,
1217 2664 1250 2735 &
1266 2668 1346 2758 quia
1364 2666 1403 2739 in

347 2765 648 2858 consequentibus
664 2767 852 2839 evidenter
864 2767 924 2838 hic
937 2770 1080 2862 angelus
1099 2766 1276 2840 Dominus
1289 2768 1407 2840 osten·

346 2870 452 2940 dicun.
503 2866 612 2938 Unde
622 2879 735 2958 puto,
760 2865 858 2958 quod
872 2868 960 2940 sicut
976 2870 1071 2939 inter
1083 2887 1152 2938 nos
1168 2868 1330 2942 homines
1346 2870 1407 2941 ha-

345 2969 424 3042 bitu
437 2981 600 3058 repertus
617 2965 719 3038 estut
734 2966 869 3057 homo,
896 2967 945 3038 ita
963 2968 995 3038 ἃ
1009 2969 1104 3038 inter
1116 2968 1264 3062 angelos
1280 2969 1405 3042 habitu

345 3065 398 3142 est
417 3083 581 3159 repertus
604 3080 645 3138 ut
662 3066 818 3159 angelus.
872 3063 920 3137 Et
943 3067 1046 3158 ipsrus
1073 3065 1260 3157 sequentes
1285 3091 1404 3143 exem·

344 3167 442 3259 plum
456 3167 569 3259 angeli
584 3165 621 3235 in
631 3167 723 3236 coelo
739 3165 903 3238 laetantur
916 3163 1018 3256 snper
1032 3187 1107 3238 uno
1123 3181 1318 3258 peccatore
1332 3191 1404 3260 poe·

344 3266 532 3344 pisentiana
559 3280 711 3358 agente,
754 3265 853 3338 &de
878 3265 1097 3359 profeclibus
1121 3268 1304 3341 hominum
1325 3271 1403 3364 glo·

342 3367 490 3438 riantur.
537 3363 601 3456 lpli
633 3366 726 3435 enim
758 3366 860 3439 velut
887 3367 1181 3457 procurationem
1211 3369 1405 3442 animarum

342 3463 542 3540 nostrarum
562 3478 711 3553 tenent,
740 3464 964 3552 quibusdum
982 3467 1097 3538 adhuc
1114 3469 1255 3560 parvuli
1274 3466 1404 3561 sumus,

342 3567 446 3636 velut
457 3560 1402 3658 tutoribus&ailoribuscommittimuru'squeadprae-

342 3661 483 3736 finitum
502 3677 641 3754 tempus
657 3686 675 3734 a
693 3676 805 3752 patre.
835 3661 951 3756 Etipfi
964 3687 1158 3759 ergonunc
1176 3667 1220 3737 de
1235 3667 1403 3758 profeclu

340 3761 1403 3859 uniuscujusquenostrumdicunt,quianunccognovi,qiua

340 3875 383 3934 tu
400 3867 501 3935 times
514 3862 640 3935 Deum.
669 3863 780 3934 Verbi
794 3861 894 3934 causa
909 3865 1131 3956 propofiturn
1143 3867 1259 3939 habeo
1270 3883 1401 3958 marty·

339 3963 462 4054 rium,
498 3983 573 4036 non
601 3983 645 4032 ex
672 3962 746 4034 hoc
775 3962 895 4036 dicere
921 3963 964 4034 ad
985 3986 1042 4037 me
1065 3967 1207 4059 angelus
1231 3969 1401 4061 poterit,

341 4064 424 4153 quia
438 4082 536 4136 nunc
556 4063 738 4158 cognovi,
760 4063 858 4156 quod
875 4064 1032 4140 tutiores
1045 4065 1177 4140 Deum.
1203 4065 1289 4138 Deo
1306 4068 1402 4140 enirn

1288 4166 1354 4238 soli
