3417 4692
388 311 972 446 consummaturam
997 347 1290 438 oeursln.
1342 368 1412 475 ξς

327 515 493 622 tegaturi,
520 535 565 612 an
583 514 650 590 suis
668 514 705 588 in
719 514 910 592 sceleribus
927 514 1052 606 helani
1070 535 1190 609 porro
1208 536 1250 589 ac
1267 512 1389 606 persii,

324 615 399 687 turi
417 616 509 709 sint,
534 614 729 712 ignoraret.
780 615 840 688 Sic
866 616 958 710 apud
976 611 1193 689 Hieremiam
1212 615 1386 687 habetur:

326 715 477 805 ltrfiran
496 723 649 801 aulient,
664 715 667 720 ’
682 722 728 791 U
740 732 835 811 agent
854 721 1090 812 penitentiam.
1143 716 1272 808 Neque
1293 718 1388 788 enim

325 815 427 906 quod
449 816 602 889 audituri
619 816 705 914 sint,
732 838 870 907 necne,
895 816 1010 889 minus
1028 816 1224 912 intelligat,
1250 815 1388 906 idcirco

323 915 423 989 hunc
436 918 473 987 in
488 918 634 992 modum
648 915 721 1009 ipse
732 918 909 1008 loquitur:
936 917 1082 1012 Forfiraa
1094 921 1228 988 audient
1240 916 1278 992 sl
1292 932 1387 1008 agenr

318 1024 565 1113 poenitentium,
591 1016 649 1090 sed
666 1031 708 1089 ut
730 1018 824 1092 illam
850 1016 1118 1108 quodammodo
1139 1036 1260 1110 parem
1277 1014 1314 1087 in
1331 1030 1388 1104 un

323 1136 472 1214 remque
496 1132 634 1211 partem
654 1116 729 1192 vim
750 1116 960 1206 facultatum
982 1116 1035 1189 hia
1059 1116 1180 1188 verbis
1200 1114 1386 1202 ostendat:

322 1235 370 1300 ne
386 1216 529 1308 quijam
548 1232 631 1290 ante
650 1215 884 1312 praenotionis
907 1218 981 1307 ejns
999 1215 1250 1289 certitudinem
1267 1216 1388 1287 audie·

322 1315 420 1408 rint,
447 1318 470 1388 ii
489 1316 641 1410 proinde
659 1338 699 1388 ac
717 1316 791 1400 st&
807 1338 849 1390 ea
866 1315 1103 1390 necessltatem
1122 1314 1290 1402 inferret,
1317 1335 1389 1406 nee

321 1417 511 1489 meliorem
534 1419 645 1489 vitam
668 1416 854 1489 instituere
873 1417 1008 1487 arbitrii
1031 1417 1129 1489 soret
1151 1412 1220 1507 sui,
1248 1415 1387 1488 animoa

323 1515 553 1608 deincepsac
569 1515 662 1609 spem
683 1537 827 1589 omnem
844 1516 1038 1606 abjiciant,
1070 1516 1234 1606 adeoque
1247 1515 1283 1587 in
1304 1534 1388 1606 peta

323 1629 443 1692 catum
457 1618 499 1688 ab
514 1618 573 1689 illa
587 1616 847 1709 propemodum
864 1616 1108 1708 impellantur:
1134 1615 1263 1688 deinde
1279 1635 1384 1708 vero,

321 1717 442 1806 nequi
462 1715 542 1790 dum
559 1716 743 1808 previsum
762 1736 827 1788 eos
840 1716 977 1788 bonum
992 1715 1141 1805 lateret,
1169 1735 1288 1809 pugna
1304 1735 1386 1788 cum

321 1813 555 1906 improbitate
576 1814 754 1908 suscepta,
780 1816 892 1887 vitam
917 1837 960 1887 ex
980 1814 1126 1886 virtutis
1143 1832 1270 1887 norma
1293 1812 1385 1902 insti·
1420 1849 1424 1855 ·

322 1923 427 1985 tuere
447 1913 663 2008 potuissent,
684 1915 754 1985 'eos
775 1915 854 1987 talis
876 1932 1004 1988 contra
1024 1913 1202 2007 prenotio
1220 1913 1385 1987 remiffio·

321 2035 378 2085 res
399 2035 441 2084 ac
455 2012 645 2087 solutiores
668 2014 816 2108 efficiat,
844 2016 943 2106 quod
965 2016 1049 2087 dum
1064 2016 1169 2108 plane
1191 2017 1327 2087 bonum
1344 2014 1384 2090 ile

321 2113 384 2186 lud
403 2113 562 2186 futurum
582 2128 776 2207 putarent,
801 2115 931 2188 minori
948 2129 1141 2208 propterea
1156 2135 1237 2206 cum
1259 2135 1385 2205 pecca,

320 2223 364 2294 to
384 2217 491 2288 animi
505 2215 743 2286 contentione
763 2228 973 2311 pugnarent.
1025 2214 1084 2286 Sic
1099 2214 1193 2288 enim
1212 2212 1282 2306 ipsa
1299 2233 1384 2304 praer

320 2315 430 2408 notio
448 2312 608 2388 futurum
629 2311 773 2406 quoque
795 2315 932 2391 bonum
949 2315 1147 2410 impediret.
1199 2314 1384 2413 Quamob-

320 2431 398 2484 rem
419 2412 478 2503 qui
496 2418 621 2486 orbem
642 2409 844 2486 'universum
859 2416 1039 2507 praecipuo
1054 2433 1172 2487 rerum
1186 2415 1287 2486 bono
1307 2433 1384 2485 mo·

322 2511 467 2584 <letatur
493 2510 624 2606 Deus,
658 2512 752 2585 idem
781 2534 850 2585 nos
876 2512 1051 2606 sapienter
1075 2513 1225 2586 omnino
1254 2512 1383 2588 futuris

319 2611 358 2684 ln
374 2613 483 2684 rebus
509 2634 625 2686 caecos
646 2612 716 2685 else
736 2613 868 2690 voluit.
920 2612 1051 2685 Earum
1076 2614 1168 2685 enim
1190 2612 1382 2706 cognitio,

320 2714 375 2784 uti
398 2711 558 2792 nostrum
581 2710 747 2786 adversus
772 2713 1039 2804 improbitatem
1059 2712 1257 2804 impetum,
1295 2731 1384 2792 con,
1445 2796 1449 2801 ι

320 2810 551 2903 stantiamque
568 2810 773 2907 frangeret,
796 2813 847 2883 ita
866 2812 947 2884 dum
967 2825 1063 2892 certa
1080 2808 1222 2904 fixaque
1244 2810 1382 2896 videre·
1483 2848 1484 2856 κ

321 2925 403 3000 tur,
430 2914 536 3006 longe
559 2933 627 2985 nos
653 2914 756 2989 citius
780 2926 886 3002 atque
906 2909 1071 3002 facilius,
1103 2910 1201 2983 omni
1231 2923 1382 2979 conten·

320 3011 424 3082 tione
448 3009 602 3103 abieeta,
630 3009 768 3085 sceleris
793 3012 830 3082 in
857 3009 1085 3107 dominatum
1102 3030 1143 3081 ac
1166 3005 1382 3102 potestatem

321 3109 528 3184 adduceret.
580 3108 679 3201 ime,
710 3125 911 3205 pugnarent
927 3110 991 3183 ista
1012 3107 1150 3200 secum,
1176 3123 1217 3179 ut
1239 3108 1329 3179 idem
1347 3106 1381 3176 δι

321 3209 459 3299 probus
488 3211 682 3304 euaderet,
716 3210 750 3281 &
770 3223 874 3281 certo
902 3212 1054 3303 probum
1074 3206 1109 3281 se
1129 3208 1296 3298 futurum
1312 3201 1381 3278 elle

319 3304 521 3398 praenollet.
547 3308 641 3382 Nam
657 3317 938 3401 eumpraeterea,
954 3307 1148 3398 quaenobis
1162 3305 1271 3380 indita
1285 3301 1379 3396 sunt,
1408 3301 1411 3306 ’

319 3424 452 3500 magno
472 3402 612 3501 insuper
635 3410 679 3483 ad
702 3409 876 3486 virtutem
896 3408 1089 3502 parandam
1110 3427 1152 3488 ae
1172 3403 1381 3500 vehementi

319 3518 459 3592 conatu
474 3527 571 3601 opus.
583 3508 795 3600 habeamus,
821 3523 897 3592 ‚tum
917 3522 1101 3603 occupata·
1111 3504 1214 3582 semel
1231 3504 1294 3590 istu
1308 3505 1380 3584 vir-

318 3605 528 3698 tutitcerto
544 3607 693 3702 future,
716 3621 968 3716 praeceptaque
980 3606 1143 3705 cognitio
1193 3607 1266 3677 vim
1280 3621 1379 3675 exer-

319 3703 504 3798 citationis
522 3727 666 3804 onnem
683 3709 853 3784 debilitat
905 3707 1127 3808 taprobane
1146 3660 1378 3778 saturianus
1467 3739 1470 3744 -

318 3823 363 3878 en
378 3805 558 3899 improbi,
582 3803 717 3883 summo
735 3811 858 3900 utique
870 3807 1000 3900 ¹nostro
1014 3808 1117 3881 bono
1128 3806 1344 3902 ignoramus.
1448 3841 1455 3850 ·
1483 3845 1484 3896 3

316 3927 324 3938 ·
393 3912 428 3983 8.
455 3903 525 3980 Sed
543 3909 718 4000 'quoniam
735 3909 861 3994 divino
886 3904 1182 3994 consilio-saecum
1208 3902 1277 3978 else
1293 3903 1395 3977 dixi,
1482 3899 1484 3976 l

314 4021 419 4103 ma,
446 4006 662 4084 utrehur'iu
675 4008 1073 4184 stitutirceecufiamua9
1092 4005 1178 4094 uida
1195 4027 1282 4176 ⁹⁹¹¹?
1297 4004 1397 4099 lulla·

857 4128 880 4186 α
1279 4122 1339 4177 or·
1465 4157 1484 4298 4
