3417 4692
254 807 256 812 Ι
369 744 435 819 que
451 717 571 804 lucescit
584 721 622 786 iu
639 723 742 812 prima
752 717 886 805 scribenti,
912 722 1006 788 venit
1021 721 1137 790 Μανία
1152 718 1368 812 Magdasene,
1395 721 1437 796 U

370 822 488 893 Mario
507 816 622 913 Jacobs
642 818 681 888 ud
694 817 887 913 sepulchrum
907 816 946 893 ss
967 822 1164 889 invenerunt
1182 817 1320 915 lapidem
1343 843 1438 892 revu-
1479 885 1482 914 2

367 358 441 450 με
661 342 1097 432 ²·ou1cun1s
1155 314 1189 452 s

258 507 260 514 ’
366 518 462 595 iivis
476 514 540 590 istu
551 515 772 612 intelligere,
797 535 874 593 non
892 530 998 610 potes
1018 516 1082 592 nisi
1097 536 1163 613 per
1176 511 1440 615 Evangeiium.

367 617 422 696 Ibi
443 636 593 708 namque
615 615 778 690 invenies
803 614 1003 712 scriptum,
1038 616 1120 712 quia
1143 617 1265 714 vespere
1285 618 1441 709 fabiam

371 919 475 990 iurum
495 934 738 987 amrnrmenro.
789 916 843 990 lbi
862 916 980 990 audies
1000 915 1437 1013 terremotumsattum,

371 1029 604 1094 monumenta
623 1014 798 1108 disrupta,
824 1016 1073 1089 centurionem
1086 1014 1121 1087 dt
1134 1015 1289 1108 milites,
1312 1019 1377 1108 qui
1393 1018 1440 1092 ad

373 1115 567 1189 custodiam
582 1115 686 1208 positi
706 1128 832 1206 erant,
859 1114 1038 1189 dicentes:
1069 1120 1150 1188 Vere
1166 1117 1220 1190 iric
1242 1118 1350 1187 silius
1367 1121 1438 1192 Dei

373 1233 452 1290 aar.
503 1212 658 1310 Agnitus
690 1234 777 1309 ergo
805 1213 857 1288 est
876 1234 941 1307 per
966 1215 1043 1288 haec
1065 1215 1103 1287 in
1125 1213 1273 1310 vespera
1305 1213 1441 1292 Domi·

375 1336 464 1403 nus,
497 1315 578 1405 quia
603 1311 676 1407 ipse
707 1313 887 1386 Dominus
912 1312 962 1386 est
988 1316 1125 1409 agnitus
1153 1316 1191 1387 in
1215 1316 1356 1392 virtute
1382 1335 1442 1390 re-
1480 1307 1482 1350 ¹

375 1412 611 1488 surrectionis.
662 1411 732 1484 Sed
766 1405 952 1503 q'uomodo
978 1434 1080 1485 mane
1112 1413 1227 1510 gioria
1250 1414 1329 1506 ejus
1360 1413 1441 1490 visa
1480 1435 1482 1522 j

365 1510 460 1588 -estt
502 1509 593 1583 Cum
625 1509 802 1584 venissent
840 1511 916 1601 aliae
950 1513 1116 1586 mulieres
1151 1515 1263 1605 prima
1295 1510 1439 1588 sabbati

376 1610 633 1701 vuldensem,
665 1612 884 1689 invenerunt
907 1607 1070 1708 Angelos
1097 1632 1178 1685 cum
1204 1613 1342 1707 ingenti
1367 1615 1440 1686 cla·

257 1703 261 1712 '
375 1714 482 1802 ritate
502 1710 545 1800 ad
565 1707 789 1805 sepulchrum
808 1707 999 1802 sedentes,
1025 1709 1059 1783 &
1083 1710 1267 1783 dicentes:
1296 1713 1440 1810 Nonefl

252 1853 256 1864 ·
371 1814 449 1898 irie,
480 1811 697 1902 resurrexita
725 1817 894 1884 mortain
930 1812 1101 1885 Venite&
1131 1814 1236 1881 videte
1259 1811 1358 1880 iocum
1381 1815 1437 1882 usi

372 1912 486 2010 postus
500 1926 594 2005 erat,
619 1911 658 1986 d
678 1913 740 1996 ite,
766 1911 861 1982 dicite
880 1910 1039 2000 discipulis
1058 1914 1124 2002 ejus
1148 1913 1222 2007 quia
1237 1911 1438 1997 resurrexit,

376 2020 416 2088 <5
428 2012 574 2108 precedet
586 2034 643 2079 uus
661 2012 697 2079 in
714 2010 887 2082 Gaiisaeam.
936 2006 1022 2081 Visa
1036 2006 1087 2080 est
1105 2030 1191 2106 ergo
1208 2011 1438 2102 manemaje·

378 2111 445 2187 stas
463 2108 640 2201 Domitii,
673 2129 753 2181 cum
770 2129 835 2201 per
853 2106 1016 2203 Angelos
1033 2107 1240 2182 resturettio
1264 2111 1438 2184 nunciata

378 2209 440 2283 est.

452 2316 485 2386 8.
511 2304 664 2377 Additur
680 2305 845 2379 autemin
859 2302 1176 2397 consequentibus:
1207 2308 1356 2401 Vespere,
1382 2307 1438 2381 in·

378 2406 479 2499 quit,
505 2406 733 2477 manducabitis
747 2430 891 2494 curnem,
923 2404 962 2479 ss
979 2431 1070 2476 marre
1084 2407 1277 2500 replebimini
1291 2407 1438 2501 panibus.

380 2505 429 2578 Et
447 2504 575 2577 dehoc
597 2504 707 2580 velim
723 2504 832 2598 scire,
858 2506 952 2597 quali
968 2506 1095 2578 ordine
1115 2503 1225 2600 Judaei
1243 2505 1437 2599 Prophetae

380 2604 472 2679 uitta
491 2602 691 2697 suscipiatis.
719 2605 817 2705 Quid
836 2606 929 2679 enim
946 2603 1205 2696 consequentia
1227 2606 1436 2701 videbitur,

380 2722 422 2778 ut
448 2716 509 2776 aut
531 2700 678 2797 vespere
707 2725 831 2777 carnes
853 2704 926 2778 stne
952 2705 1100 2797 panibus
1128 2705 1349 2798 comedatis,
1376 2721 1438 2779 aut

276 2813 278 2818 ’
380 2826 484 2883 mane
503 2824 611 2895 panes
629 2799 756 2894 absque
776 2802 950 2896 pulmenti
969 2802 1166 2895 adjeitione
1181 2804 1435 2877 manducetis?

385 2903 482 3004 Quid
495 2902 532 2974 in
552 2903 625 2976 hoc
639 2903 750 2976 divini
767 2905 944 2994 muneris,
972 2903 1055 2995 quid
1072 2906 1344 2994 temperamenti
1361 2926 1437 2999 gra·

383 3006 441 3077 tiae
468 2999 614 3074 coelestis
638 2999 849 3076 ostenditis?
873 3001 1038 3076 Hoccine
1063 3001 1168 3074 estin
1191 3025 1262 3091 quo
1289 3002 1436 3096 agnosci

381 3104 504 3178 Deum
519 3101 679 3196 ponitis,
705 3101 803 3194 quod
824 3121 949 3174 carnes
964 3103 1001 3173 in
1022 3098 1168 3191 vespera
1192 3102 1261 3173 fine
1285 3104 1435 3193 panibus

328 3243 336 3256 ··
384 3198 642 3277 comedantur?
667 3197 717 3273 Et
731 3199 946 3292 majestatem
963 3201 1035 3273 Dei
1062 3200 1176 3272 dicitis
1195 3222 1387 3294 apparere,
1413 3204 1439 3278 fi

384 3299 518 3373 rursum
537 3320 645 3393 panes
662 3300 733 3376 sine
757 3299 921 3372 carnibus
944 3298 1203 3372 comedantur?
1237 3301 1306 3372 Sed
1330 3304 1438 3376 vobis

383 3400 448 3475 ista
464 3396 616 3490 servate,
642 3397 733 3473 &iis
750 3400 809 3489 qui
823 3398 1049 3490 acquiescunt
1063 3399 1188 3490 vobis,
1215 3400 1299 3472 &in
1315 3416 1439 3484 coturf

383 3497 522 3574 nicibtts
539 3498 679 3593 agnosci
695 3496 794 3592 posse
809 3498 929 3573 Deum
950 3511 1087 3592 putant.
1123 3497 1205 3572 Nos
1226 3513 1346 3575 autem
1366 3502 1440 3593 qui·

384 3600 451 3674 bus
467 3598 506 3670 in
523 3593 595 3670 fine
618 3595 755 3691 seculi,
782 3597 907 3671 velud
929 3596 1112 3691 vesperam
1129 3599 1270 3690 mundi,
1301 3603 1441 3673 Verbum

384 3724 457 3772 caro
467 3694 592 3791 fusium
613 3698 672 3795 epi,
699 3698 737 3771 in
757 3698 818 3770 illa
834 3715 941 3771 carne
958 3695 1101 3792 agnosci
1126 3698 1271 3772 dicimus
1286 3701 1440 3794 Deum,

332 3809 336 3818 '
387 3820 490 3891 quam
508 3792 658 3891 suscepit
672 3818 718 3869 ex
739 3797 900 3893 Virgine.
941 3793 1025 3870 Istas
1042 3798 1134 3871 enirn
1152 3796 1265 3871 Verbi
1280 3798 1352 3873 Dei
1368 3822 1442 3874 car·

384 3920 474 3993 nes,
498 3919 614 3988 neque
627 3918 731 3971 mane
747 3895 885 3987 uliquis,
909 3916 1026 3989 neque
1038 3895 1185 3969 meridie
1196 3900 1441 3993 manducavit,

387 3996 446 4076 sed
468 3996 511 4072 ad
531 3994 723 4098 vesperam.
769 3993 963 4072 Adventus
989 3997 1082 4072 enim
1106 3992 1256 4071 Domini
1274 3999 1312 4074 in
1333 4020 1442 4074 carne

1345 4100 1392 4178 ad
