3417 4692
314 443 393 524 an
609 415 1080 516 x'onaounrs

320 585 402 662 dem
420 584 596 661 Dominus
607 587 755 663 ‘dicatur
771 584 945 660 induralie
966 584 1258 670 corszaraonis‚
1284 603 1389 659 nunu

321 701 440 761 autem
456 707 532 759 non
550 709 569 761 a
588 688 769 780 Domino,
796 685 857 760 sed
872 686 965 780 quast
976 684 1105 778 sponte
1122 686 1323 758 induratum
1333 683 1387 757 di·

321 803 435 860 catur.
499 784 674 877 Equidem
695 783 878 860 confiteor
899 788 1092 858 meminus
1116 787 1312 877 idoneum,
1352 783 1389 858 dt

307 887 437 974 minus
455 905 644 979 capacem,
672 889 732 977 qui
751 889 890 959 valeam
909 887 946 960 in
961 885 1210 977 hujuscemodi
1233 885 1390 958 varieta-

262 1053 265 1066 ,
321 987 420 1060 tibus
440 986 570 1060 divinae
586 984 762 1084 sapientie
778 983 915 1060 secreta
928 981 1058 1062 'rimari
1111 985 1257 1056 Paulum
1267 1001 1391 1060 tamen

321 1083 541 1176 Apostolum
574 1087 711 1178 video,
738 1088 799 1178 qui
827 1101 979 1178 propter
1004 1085 1262 1159 inhabitantem
1284 1085 1322 1154 in
1350 1081 1387 1156 se

319 1181 482 1278 spiritum
496 1186 567 1258 Dei
582 1187 701 1260 dicere
715 1183 942 1258 confidenter
961 1185 1132 1258 audebat:
1159 1187 1260 1256 Nobis
1277 1199 1387 1266 autern

324 1287 486 1358 ttvrlaut't
502 1291 659 1358 Dominus
669 1308 724 1383 per
736 1286 997 1384 spiritumsunm.
1023 1288 1171 1383 Spiritus
1180 1291 1266 1355 enirn
1277 1289 1389 1354 omnio

316 1384 509 1480 straturus,
543 1391 639 1459 etiam
672 1391 741 1456 atta
778 1389 853 1463 Dei.
912 1384 1042 1475 Hunc,
1077 1387 1241 1475 inquam,
1275 1384 1390 1454 video

323 1497 492 1576 tanquam
508 1486 796 1584 intelligentem,
832 1483 917 1576 quid
939 1481 1083 1558 differat
1097 1484 1298 1556 induratum
1317 1481 1390 1557 elle

326 1603 395 1658 eor
417 1583 634 1680 Pharaonis,
669 1585 704 1657 dc
728 1582 922 1666 induralle‚
944 1603 1023 1655 -cor
1043 1583 1237 1660 Pharaonis
1260 1583 1390 1654 Domi·

259 1683 267 1690 ’
324 1701 434 1776 num,
460 1684 593 1764 dicere.
644 1686 741 1758 Alibi
765 1686 907 1776 quidem
934 1683 1041 1757 dicit:
1068 1689 1123 1755 An
1146 1687 1281 1754 divitias
1303 1684 1393 1751 bont.

322 1791 410 1858 tatis
435 1787 527 1883 ejus,
551 1783 802 1900 ppatitntia,
835 1785 874 1863 U
899 1785 1157 1878 longanimitatis
1190 1787 1392 1872 contemnis,

323 1885 480 1978 ignorans
503 1911 578 1983 quta
596 1889 765 1981 patientia
784 1889 849 1958 Dtr'
872 1886 913 1956 ad
934 1889 1159 1982 penitentiam
1185 1883 1393 1954 readducit?

324 1987 507 2056 Senatum
519 1988 682 2057 duritiam
708 1997 945 2072 autentum,
971 1986 1009 2060 Θ
1032 2009 1086 2056 cor
1101 1989 1302 2080 impaenitens
1321 1985 1395 2054 tlte-

318 2083 472 2177 ·saurrzar
492 2085 554 2156 tiit
575 2095 657 2156 iraerrr
675 2091 711 2156 in
726 2089 776 2156 dit
799 2091 872 2173 ἱνα,
898 2084 940 2162 U
961 2086 1171 2158 revelationis
1184 2085 1261 2181 justi
1275 2085 1394 2178 judicii
1413 2147 1416 2152 .

328 2188 397 2257 Dei
459 2183 523 2257 Per
545 2185 644 2275 quod
666 2205 748 2258 eum
771 2183 843 2260 line
865 2183 999 2274 dubio,
1026 2185 1086 2276 qui
1108 2181 1235 2276 sponte
1252 2183 1395 2255 indura·

325 2295 386 2357 tus
407 2282 457 2355 est
468 2289 489 2373 ,'
508 2285 640 2379 culpat.
692 2284 792 2359 Alibi
807 2303 902 2357 vero
917 2284 1021 2360 velut
1033 2271 1273 2378 'quastionem
1290 2283 1395 2376 supet·

325 2382 404 2458 hoc
424 2384 607 2474 quamdam
626 2405 836 2477 proponens
859 2383 965 2456 dicit:
1005 2383 1087 2477 Ergo
1112 2390 1161 2454 cui
1176 2386 1253 2453 vult
1273 2389 1397 2470 nostre·

328 2496 406 2578 datr,
432 2483 471 2559 ὅ
487 2507 575 2582 quem
589 2486 665 2557 vult
682 2492 827 2561 indurat.
874 2489 965 2555 Dicis
983 2490 1090 2585 itaque
1102 2485 1185 2555 milri
1195 2508 1204 2557 ε
1232 2485 1322 2576 Quid
1337 2488 1398 2572 igi·

327 2596 388 2656 tur
405 2584 508 2654 adlrrtc
522 2581 755 2682 conqueritur?
784 2584 959 2658 Voluntati
975 2591 1058 2655 enim
1079 2589 1146 2682 ejus
1167 2593 1239 2681 qais
1258 2579 1397 2681 refistr't3

326 2679 567 2758 Addltetiarn
586 2688 660 2760 his:
692 2689 822 2756 Obottro
842 2701 880 2754 ttt
898 2692 970 2782 quis
990 2708 1039 2763 ts,
1065 2689 1121 2781 qui
1139 2701 1250 2755 contra
1273 2687 1396 2780 respon·

325 2777 510 2856 aaron?
535 2785 604 2857 Per
623 2784 722 2877 quod
741 2784 785 2858 dc
802 2806 868 2874 eo,
896 2785 955 2876 qui
975 2806 994 2857 a
1011 2784 1175 2858 Domino
1193 2783 1323 2858 dicitur
1342 2788 1396 2856 in-

329 2882 499 2973 duratus,
514 2899 675 2958 nontam
690 2883 891 2974 quaestionis
906 2881 1152 2980 absolutione,
1173 2905 1277 2975 quam
1290 2882 1395 2978 Apo-

327 2979 458 3062 t'tolica
474 2982 685 3058 auctoritate
702 2983 908 3078 respondit,
936 2983 1048 3056 credo
1070 3005 1147 3056 non
1162 2984 1325 3077 judicans
1346 2982 1398 3055 di-

329 3101 439 3179 gnum
465 3104 534 3175 pro
560 3085 796 3177 incapacitate
823 3083 1054 3174 auditorum,
1087 3081 1275 3155 chartis&
1304 3097 1396 3154 atra·

328 3197 459 3255 mento
478 3183 727 3272 hujuscemodi
748 3180 1013 3256 absolutionum
1032 3179 1167 3256 secreta
1191 3183 1394 3255 committe·

329 3298 384 3356 re.
434 3279 536 3354 Sicut
554 3282 589 3353 du
608 3284 646 3355 in
668 3284 740 3355 alio
764 3285 851 3355 loco
878 3282 924 3355 de
945 3283 1155 3375 quibusdam
1177 3282 1298 3354 verbis
1319 3280 1394 3374 ipse

331 3378 440 3468 dicit,
466 3379 596 3454 audille
619 3381 653 3456 se
674 3381 863 3474 quaedam,
889 3403 966 3474 quau
984 3402 1059 3454 non
1082 3383 1169 3458 licet
1186 3382 1393 3456 hominibus

328 3479 445 3570 loqui.
494 3479 651 3556 Unde&
665 3484 701 3555 in
716 3480 1037 3574 consequentibus,
1065 3503 1145 3557 eum
1159 3485 1306 3572 quinon
1322 3495 1398 3555 tam

253 3665 255 3670 ,
329 3577 531 3655 studiorum
551 3583 706 3673 merito,
732 3602 835 3672 quam
852 3578 983 3653 sciendi
1007 3582 1203 3675 cupiditate
1228 3579 1398 3652 secretio·

331 3677 432 3751 sibus
454 3675 488 3753 se
508 3680 761 3772 quaestionibus
787 3681 957 3754 curiosius
985 3680 1188 3776 immergit,
1214 3678 1396 3776 magnifici

331 3777 495 3854 donaris
518 3777 709 3856 severitate
731 3781 912 3872 deterret,
940 3801 1019 3857 cum
1036 3781 1148 3853 dicit:
1176 3782 1330 3872 onoma,
1358 3796 1397 3849 ru

330 3883 403 3974 quis
427 3904 457 3948 er
475 3885 530 3978 nti
549 3898 661 3954 contra
683 3881 863 3976 respondeas
882 3877 977 3954 Deo?
1000 3884 1159 3978 Nunqur'd
1176 3883 1254 3950 dicit
1263 3883 1400 3971 figmen-

333 3984 465 4067 trtntti,
490 3983 719 4074 qnisefinxit,
745 3983 821 4077 quid
837 4007 883 4051 me
891 3981 993 4076 ftcissi
1003 3978 1068 4073 fic?
1094 3981 1282 4056 &caetera
1319 3978 1398 4051 Uu-

296 4076 382 4209 ¹de
398 4078 431 4155 tc
445 4082 551 4160 uobis
564 4085 640 4161 hac
652 4077 856 4158 observate
874 4095 1035 4176 tantum,
1062 4077 1291 4193 &inspexitse
1308 4075 1399 4152 stiffi·

1248 4191 1349 4269 ctat,
