3417 4692
445 339 1144 490 ’ττΜκουυΜΙΙ
1310 403 1389 499 nr

398 578 434 656 6.
441 591 447 637 ·-
459 571 618 651 Additur
634 570 717 672 post
737 571 842 667 hac,
873 570 956 666 quia
969 570 1005 644 dr
1026 566 1120 668 apud
1136 587 1243 665 quem
1259 569 1388 646 inven-

323 692 362 757 ta
379 676 461 753 sunt
477 678 573 773 ligna
586 672 841 770 imputribilia,
868 672 1004 748 obtulit
1016 668 1114 747 Deo.
1163 670 1199 742 Si
1218 671 1295 762 quis
1314 671 1392 745 dili·

321 782 377 880 git
394 776 570 852 Christum
588 774 808 867 Dominum,
831 772 968 876 lignum
981 770 1202 866 imputribile
1215 771 1253 848 in
1268 771 1390 845 incor-
1410 797 1416 810 ·

284 913 285 918 Ν
313 879 497 973 ruptione
524 874 638 953 offert
662 873 840 952 Domino.
903 873 1035 950 Beatus
1053 889 1144 967 ergo
1164 869 1258 963 apud
1282 891 1392 965 quern

315 979 538 1071 invenitur,
563 977 625 1050 vel
639 973 1022 1072 seniirsincorrupnn,
1048 974 1255 1068 velcurpus
1271 971 1393 1050 incor-

326 1093 497 1174 ruptum,
521 1077 644 1152 &hoe
659 1071 772 1152 offert
787 1073 884 1154 Deo.
933 1073 1045 1152 Unde
1062 1071 1204 1150 &bene
1219 1071 1325 1148 valde
1342 1071 1395 1148 di·

328 1182 406 1256 xit:
432 1180 533 1276 Apud,
546 1201 635 1278 quem
655 1180 795 1250 inuenta
812 1176 896 1265 sunt
909 1175 999 1270 ligna
1020 1171 1248 1269 imputribilia.
1300 1169 1394 1248 Non

313 1280 424 1354 -enim
445 1279 539 1372 apud
555 1297 682 1354 omnes
696 1276 934 1352 inveniuntur
949 1277 1044 1373 ligna
1056 1271 1297 1368 imputribilia.
1332 1269 1395 1350 De

328 1400 418 1454 auro
440 1399 518 1452 non
537 1377 628 1452 dixit
642 1397 761 1468 neque
771 1378 817 1455 de
830 1389 1004 1474 argento,
1030 1373 1124 1468 apud
1142 1373 1397 1464 queminven.

329 1494 406 1552 turn
422 1476 484 1558 est.
533 1475 658 1555 Potest
671 1480 765 1552 enim
787 1478 881 1575 apud
897 1497 1026 1553 omnes
1042 1473 1198 1549 inveniri
1222 1469 1337 1548 sensus
1361 1471 1398 1548 dt

328 1576 458 1654 sermo.
510 1575 581 1652 Sed
611 1597 682 1654 nec
707 1576 751 1651 de
777 1593 935 1670 quatuor
965 1575 1153 1654 coloribus
1185 1573 1260 1646 hoc
1292 1571 1396 1652 dixit.

331 1677 504 1754 Omnium
527 1696 682 1771 namque
706 1676 756 1755 est
774 1699 820 1756 ex
841 1671 1000 1774 qnntuer'
1016 1673 1182 1754 constare
1201 1670 1398 1750 seeundum

330 1797 465 1871 corpus
482 1777 682 1856 elementis.
730 1777 845 1873 Ligna
864 1791 983 1852 antem
997 1773 1247 1870 imputribilia,
1273 1772 1309 1845 id
1332 1773 1397 1869 est,

289 1959 291 1966 ,
325 1878 616 1970 incorruptionis
650 1877 685 1950 dc
718 1877 935 1973 virginitatis
969 1877 1112 1973 gratia,
1151 1874 1246 1968 apud
1276 1893 1398 1951 rarum

331 1995 510 2071 quemque
536 1975 694 2053 inveniri
724 1975 872 2071 potest,
909 1976 1001 2054 ficut
1026 1976 1060 2049 dr
1086 1974 1268 2052 Dominus
1291 1973 1398 2052 dicit:

331 2080 415 2151 Non
429 2101 532 2148 omnes
549 2085 680 2170 copiunt
694 2077 825 2149 uerbum
845 2078 949 2173 illud,
969 2078 1023 2168 sed
1038 2075 1150 2174 quibus
1163 2080 1272 2146 darum
1285 2074 1334 2173 est.
1382 2093 1385 2102 ·

333 2173 1400 2378 ρηεῖῐιιῗιῖῗῆῗαῗᾶἶῗῗᾶὲὗῗῗηῗῖἐεεοέῗεέῗέἶῖῆάοσῗὲἑῗῖζ

331 2375 474 2469 inquit,
499 2378 709 2469 obtulerunt,
736 2379 773 2455 0
796 2379 917 2474 lapides
935 2379 1135 2470 [merugdm
1161 2377 1337 2470 &lapides
1353 2401 1404 2448 re·

329 2472 510 2577 plurimis,
534 2474 573 2551 U
596 2477 713 2571 lapides
736 2477 965 2556 adhumerales.
1016 2477 1170 2571 Lapides
1189 2476 1402 2568 repletionis

335 2576 532 2666 dicuntur,
565 2577 623 2670 qui
652 2591 840 2669 ponuntur
864 2578 902 2654 in
925 2578 1056 2676 logio,
1098 2578 1173 2653 hoe
1201 2574 1251 2649 est
1278 2577 1405 2672 quiin

335 2673 484 2770 penore
504 2672 689 2766 pontificis
707 2678 964 2772 collocantur,
990 2675 1148 2771 inscripti
1172 2676 1322 2754 nomine
1343 2675 1406 2748 tri-

336 2775 447 2848 buum
473 2771 628 2852 filiorum
645 2774 761 2855 lsrael.
812 2775 899 2853 Hoc
918 2776 1017 2870 quod
1045 2775 1177 2850 dicitur
1192 2777 1343 2873 logion,
1368 2774 1407 2850 id

337 2872 389 2947 est
404 2875 601 2968 rationale,
629 2878 687 2968 qui
704 2874 755 2953 est
770 2897 908 2969 pannus
924 2880 1073 2973 exiguus
1089 2898 1134 2952 ex
1149 2897 1239 2954 auro
1258 2878 1293 2952 dt
1310 2898 1407 2974 gem·

336 2973 434 3064 mis,
469 2974 723 3070 coloribusque
745 2977 876 3068 variis,
913 2977 947 3052 dt
974 2975 1250 3071 superhumerali
1277 2989 1427 3054 contra.

334 3071 459 3167 petius
474 3071 660 3165 pontificis
678 3074 951 3169 metiebatur,
982 3075 1135 3153 formam
1154 3078 1264 3155 habet
1288 3074 1407 3153 senior

333 3172 587 3264 rationabilis,
625 3175 685 3266 qui
716 3176 753 3251 in
784 3177 891 3249 nobis
917 3173 979 3257 est.
1037 3176 1080 3250 In
1106 3177 1178 3254 hoc
1212 3177 1318 3276 positi
1355 3176 1407 3250 di·

339 3287 471 3347 cuntur
497 3272 631 3364 lapides
653 3275 887 3369 repletionis,
913 3278 973 3369 qni
997 3290 1117 3352 tamen
1136 3278 1344 3368 cohaerent,
1371 3275 1408 3353 du

338 3372 497 3447 connexi
513 3369 594 3449 sunt
609 3374 651 3447 ad
665 3375 800 3473 lapides
817 3375 1039 3470 numerales,
1067 3391 1175 3470 atque
1189 3399 1234 3450 ex
1249 3376 1303 3453 his
1319 3397 1408 3450 con·

335 3474 500 3545 tinentur
528 3472 690 3555 adstridi.
750 3475 952 3551 Humeralis
979 3493 1128 3550 ornatus
1160 3477 1330 3554 indicium
1358 3475 1410 3552 est

332 3569 479 3645 -rdiuurn
494 3572 690 3652 bonorum.
743 3572 857 3651 Attus
878 3573 967 3674 ergo
991 3597 1073 3652 curn
1094 3577 1239 3654 ratione
1259 3576 1406 3652 duratio

337 3690 420 3746 curn
437 3670 570 3746 auibus
591 3673 770 3768 sociatur,
796 3690 839 3754 ut
855 3675 898 3753 fit
917 3675 1152 3755 consonantia
1171 3679 1208 3755 in
1227 3689 1405 3773 utroque:

336 3774 410 3863 ,Qui
429 3776 514 3843 mim
524 3772 641 3864 fecerit
658 3776 696 3851 U
717 3777 875 3864 docuerit,
898 3778 952 3848 iic
969 3803 1102 3874 magnus
1122 3778 1292 3850 vocabitur
1309 3781 1346 3851 in
1364 3801 1412 3848 re·

331 3895 396 3965 gno
410 3873 561 3944 colorum.
613 3873 668 3947 Sit
686 3896 774 3972 ergo
788 3877 825 3952 in
845 3878 953 3951 nobis
967 3875 1084 3952 sermo
1106 3877 1151 3951 de
1170 3875 1411 3970 auibuspen·

336 3970 452 4066 dens,
480 3971 515 4045 dt
535 3968 735 4047 sermonem
753 3974 848 4051 auus
867 3991 1069 4054 exornent·
1113 3975 1186 4055 Hic
1202 3978 1296 4054 enirn
1317 3998 1410 4069 pon·

334 4067 443 4145 tificis
462 4070 619 4147 refertur
634 4088 795 4154 ornatus.
809 4074 916 4256 Hsgd
934 4078 979 4154 ad
996 4078 1077 4154 lunc
1092 4074 1439 4254 explendam&

803 4220 806 4228 ·
918 4200 942 4278 d
