3417 4692
297 427 338 456 -ι
435 375 1160 500 ‘structuruuxonum
1281 443 1351 520 μς
1461 415 1464 420 ’

372 584 473 651 Dixi!
491 599 597 653 auteur
613 588 643 653 ei
666 584 808 677 Moyses,
833 607 903 651 cum
918 582 1047 675 egreffias
1055 584 1155 674 fuere
1166 587 1202 655 de
1218 588 1355 674 finitura

291 683 467 777 expandam
487 708 601 753 manus
623 705 702 757 meur
722 688 762 753 ad
784 686 985 776 Dominum,
1018 680 1055 760 ὕ
1076 709 1163 755 voces
1180 669 1271 777 caffirb
1273 706 1356 769 unt,

292 778 334 857 (5
353 783 493 873 grando,
527 775 566 856 (5
585 782 701 879 pluvie
728 785 815 852 ultra
836 808 902 856 non
899 779 1021 879 erit]
1063 782 1233 862 Oinnium
1258 787 1352 864 enim

292 879 445 974 opifex
436 881 586 973 1mperi0
607 895 769 958 naturam
787 883 916 955 cedent
901 893 972 954 tem
992 882 1112 962 hab'et.

371 981 561 1083 Ejusdem]
580 974 865 1055 Observandum
875 979 928 1058 est
946 1002 1021 1057 non
1050 983 1172 1060 omnia
1195 979 1352 1075 Moysen
1419 985 1423 992 '

288 1080 454 1173 prodigia
480 1076 598 1153 facere
620 1081 739 1177 virga,
766 1080 825 1158 sed
844 1080 1055 1156 &manibus
1082 1081 1125 1151 &
1134 1082 1278 1174 verbo,
1305 1103 1352 1156 ne

289 1176 402 1273 virgae
418 1179 492 1252 vim
511 1180 654 1273 magicis
670 1180 847 1277 praestigiis
870 1180 1010 1273 plurimi
1029 1175 1276 1258 adscriberent.

265 1320 268 1330 ·
370 1272 478 1352 mutar
492 1280 697 1376 unusquisque
714 1306 800 1348 onem
816 1304 872 1375 par
891 1282 989 1349 domus
1004 1280 1231 1372 familiarum,
1266 1279 1352 1373 διο]

288 1374 327 1451 Α
344 1376 484 1451 decimo
495 1379 598 1469 jubet
615 1400 725 1452 ovem
744 1378 898 1470 sumere,
926 1393 1031 1471 atque
1049 1380 1092 1450 ad
1114 1393 1277 1470 quartum
1292 1379 1352 1453 de·

291 1477 422 1551 cimum
442 1476 551 1590 usque
575 1478 666 1553 diem
690 1481 804 1571 alere,
838 1499 1044 1570 nomenque
1065 1479 1274 1571 imponere,
1301 1479 1352 1550 di·

291 1575 432 1648 condo:
459 1577 542 1647 ovis
562 1578 621 1648 hic
643 1578 685 1647 ad
714 1579 785 1649 hoc
815 1577 848 1650 δι
877 1577 919 1649 ad
939 1578 1025 1649 illud
1046 1578 1275 1666 immolatur3
1300 1578 1351 1651 ita

289 1690 333 1747 ut
350 1676 399 1746 illi
421 1674 546 1748 decem
568 1679 714 1749 nomina
736 1699 811 1749 non
834 1675 1011 1769 superent.
1061 1670 1270 1750 Immoiatur
1292 1698 1350 1749 aut·

286 1787 366 1850 tem
391 1776 475 1849 luna
500 1775 783 1866 quartadecima
808 1777 902 1852 inter
925 1776 1057 1849 medias
1075 1773 1271 1870 vesperas,
1298 1776 1350 1848 in·

247 1908 258 1916 ·
290 1874 449 1947 choante
470 1876 594 1967 quinta
617 1875 774 1970 decima,
809 1889 850 1947 ut
876 1898 895 1947 a
922 1874 978 1948 die
1007 1895 1079 1966 quo
1101 1872 1270 1967 sumitur,
1304 1875 1350 1968 ad
1441 1921 1448 1936 ι

292 1994 374 2048 eum
400 1994 472 2063 quo
503 1975 736 2064 immolatur,
784 1977 939 2066 quinque
971 1973 1049 2053 dies
1075 1973 1318 2052 intercurrant
1314 2025 1362 2088 ‚—¹

288 2071 433 2165 quando
452 2074 560 2167 pleno
576 2076 663 2149 luna
681 2076 771 2146 orbe
788 2077 899 2149 lucet

367 2177 447 2245 Ovis
461 2172 636 2268 perseius,
662 2175 829 2267 masculus,
855 2174 1027 2250 anniculus
1047 2179 1112 2243 erit
1131 2172 1249 2265 vobin]
1275 2171 1350 2244 An·

288 2272 429 2346 niculus
448 2272 530 2345 ovis
550 2271 707 2346 Christus
731 2273 792 2349 est.
840 2273 967 2348 Nihilo
990 2275 1081 2346 enim
1103 2292 1183 2346 eum
1208 2272 1350 2347 destitui

289 2386 352 2447 aut
367 2375 400 2443 ei
418 2371 547 2463 aliquid
565 2370 679 2447 decise
706 2394 770 2467 per
790 2394 920 2452 annum
945 2370 1170 2468 significatur.

365 2469 412 2542 Et
433 2470 632 2544 unmoubum
653 2496 721 2543 euru
741 2477 841 2544 omnis
858 2474 1027 2542 multitudo
1041 2488 1132 2542 cretus
1141 2469 1285 2561 filiorum
1307 2472 1349 2564 I]-

289 2571 358 2644 rael
377 2572 418 2641 ad
438 2572 624 2665 vesperam]
648 2569 708 2658 Aa
727 2569 908 2664 vesperam
920 2572 1085 2662 jubemur
1101 2589 1211 2642 ovem
1223 2570 1348 2642 immo·
1405 2638 1408 2652 ‚

287 2674 379 2758 lare3
407 2672 504 2763 quod
527 2686 686 2745 extrema
706 2671 797 2743 hora
817 2691 923 2767 verus
947 2668 1068 2742 noster
1089 2668 1191 2757 ovis,
1227 2666 1349 2740 Salvu-
1418 2733 1421 2738 .

238 2791 259 2857 ζ
287 2782 350 2845 tor
366 2769 403 2842 in
422 2770 589 2846 mundum
609 2771 762 2845 venerit.
1458 2821 1461 2831 f

314 2860 317 2866 ⁸
366 2869 413 2945 Et
423 2872 549 2959 sument
572 2872 607 2941 de
616 2871 792 2963 sanguim,
816 2867 855 2946 ὁ
868 2884 989 2965 ponent
1000 2868 1094 2964 super
1112 2868 1186 2939 duos
1196 2867 1289 2965 postes
1308 2864 1348 2944 Θ

282 2970 507 3065 sepelimur,
535 2969 850 3064 indomitaque]
878 2970 1126 3060 Immolamus,
1154 2987 1195 3040 ae
1215 2967 1345 3042 domos

289 3068 453 3161 nostras,
479 3071 551 3142 hoc
573 3068 795 3161 etiterum,
829 3068 993 3165 sanguine
1011 3068 1194 3165 ungimus,
1220 3066 1244 3139 si
1274 3067 1348 3160 qui·

291 3168 372 3242 dem
393 3124 514 3242 un'tuo
534 3166 622 3241 fides
647 3168 728 3241 est
717 3190 754 3241 m
778 3167 974 3262 Christum,
1009 3189 1077 3259 qua
1094 3166 1348 3240 exterminato·

289 3270 340 3341 ris
370 3270 568 3363 potentiam
597 3268 714 3340 everti
740 3268 926 3344 credimus.
973 3268 1049 3361 Jam
1076 3279 1195 3342 autern
1223 3264 1348 3357 uncti,

287 3367 326 3447 id
342 3365 415 3460 est,
439 3356 624 3462 postquam
643 3364 770 3444 Christi
790 3364 899 3443 fidem
922 3366 1073 3462 amplexi
1099 3364 1244 3457 sumus,
1270 3377 1349 3443 tum
1444 3424 1447 3437 .

290 3465 336 3541 ad
352 3466 445 3543 esum
458 3468 590 3540 venire
602 3466 787 3560 jubemur,
813 3488 890 3541 non
909 3480 951 3537 ut
970 3465 1123 3557 crudas,
1149 3477 1211 3541 aut
1228 3463 1347 3542 coum

290 3588 403 3660 aqua,
430 3567 489 3641 sed
501 3579 543 3639 ut
556 3566 728 3663 igmarus
744 3585 867 3642 carnes
884 3548 1148 3640 comedamus.

364 3671 557 3765 Quicumque
577 3684 685 3738 aurem
714 3668 876 3737 comederit
897 3665 1122 3760 fermentum
1156 3664 1356 3759 disperdetur
1427 3731 1434 3743 x

289 3769 399 3840 anima
422 3771 475 3838 tua
502 3770 536 3838 de
558 3768 689 3860 lueet]
724 3765 860 3841 Peribit
882 3765 997 3855 homo
1020 3774 1170 3858 propter
1194 3761 1347 3842 fermen-

288 3881 387 3981 tum,
414 3863 710 3941 &universorum
722 3864 843 3956 Deus,
870 3885 930 3957 qur
920 3865 1038 3960 leges
1055 3860 1186 3954 sancit,
1214 3869 1343 3954 quara·
1462 3907 1464 3914 ·

290 3969 394 4039 tione
407 3961 574 4059 disperdi
560 3966 787 4055 runchum,
815 3985 882 4058 qua
902 3966 1058 4038 ratione(
1060 3960 1228 4055 disperdit
1250 3960 1346 4035 adui-

257 4080 435 4181 lterum,
462 4086 529 4164 qua
550 4065 693 4152 ratione
715 4061 912 4263 ὥΐρὲιάἑι
908 4061 1106 4159 cinaedum,
1092 4058 1345 4252 eagemgs-
1453 4121 1456 4126 .
