3417 4692
287 417 364 515 4'7o
620 409 658 490 0
681 409 721 492 R
743 409 763 494 1
788 407 824 491 G
848 405 882 488 E
902 405 949 490 'N
972 410 991 490 1
1011 405 1041 490 S

288 578 367 656 aliis
380 569 553 672 Apostoli
570 572 737 653 sensibus.
788 573 850 652 Ad
869 575 1048 671 quosdam
1065 563 1155 650 dicit
1176 571 1275 668 quoa
1294 570 1373 651 serr·

288 679 384 756 serat
404 678 619 772 incapaces,
645 675 728 770 qui'a
746 675 835 750 nilsil
851 701 899 749 nr
912 678 1062 777 judicavi
1074 675 1164 748 alieri
1171 678 1260 766 scire
1282 683 1377 752 inter

286 805 368 870 vas,
392 778 453 874 nifi
468 777 631 876 cdriflrrm
653 779 785 876 Jesrrm,
808 776 847 856 6
864 779 954 849 dunc
971 777 1165 869 crucifixum.
1215 774 1299 850 Istis
1318 788 1377 852 ta·

286 881 384 956 libus
403 897 482 954 non
497 877 642 954 dicebat
660 881 742 970 quia
758 878 940 954 Dominus
960 874 1102 972 spiritus
1124 874 1201 968 est,
1223 897 1299 950 nec
1320 878 1375 952 di·

288 979 398 1054 cebat
413 977 486 1071 eis,
504 977 586 1072 quia
597 977 757 1052 Christus
773 979 847 1052 Dei
859 977 1104 1072 sapientiaest.
1154 975 1249 1054 Non
1269 978 1373 1054 enim

283 1091 462 1178 poterant
476 1078 669 1176 agnoscere
681 1076 861 1154 Christum
876 1076 1070 1152 secundum
1081 1077 1179 1171 hoc,
1202 1076 1307 1168 quod
1318 1075 1373 1151 saa

280 1179 425 1276 pientia
448 1179 520 1253 Dei
535 1177 606 1271 est,
632 1176 692 1251 sed
708 1178 901 1254 secundum
918 1177 1015 1271 hoc,
1042 1176 1143 1270 quod
1166 1175 1371 1252 crucifixus

288 1277 353 1354 est.
404 1278 460 1352 llli
489 1293 608 1354 autem
631 1279 761 1370 quibus
785 1279 951 1353 dicebat:
978 1281 1182 1377 Sapientiam
1202 1277 1374 1375 loquimur

287 1382 379 1449 inter
393 1375 570 1476 perfatias,
592 1383 788 1478 sapientiam
803 1378 1238 1476 autemnamdnjnsssaauii‚
1264 1404 1374 1476 magua

284 1483 469 1578 principum
484 1483 585 1577 hujus
605 1483 742 1576 mundi,
779 1486 837 1578 qui
860 1479 1100 1579 destruuntur,
1125 1479 1181 1570 sad
1203 1479 1375 1576 loquimar

288 1583 358 1652 Dai
373 1582 567 1673 sapientiam
587 1585 625 1652 in
642 1581 785 1678 mysteria
802 1581 1035 1670 ailianditama
1061 1597 1140 1653 non
1152 1577 1373 1674 indigebant

287 1692 331 1752 ut
344 1680 509 1755 Verbum
524 1679 597 1754 Dei
612 1680 808 1755 secundum
828 1683 903 1755 hoc
925 1679 1165 1775 susciperent,
1191 1680 1295 1771 quod
1312 1701 1375 1754 ca-

286 1797 333 1852 ro
351 1778 481 1854 fastum
500 1779 572 1869 est,
600 1779 660 1854 sed
676 1779 870 1856 secundum
889 1782 985 1873 hoc,
1012 1780 1112 1872 quod
1132 1777 1308 1874 sapientia
1330 1781 1372 1856 in

286 1878 460 1973 mysterio
476 1881 685 1960 abscondita
705 1880 767 1958 est.
819 1881 879 1955 Sic
895 1903 984 1977 ergo
999 1880 1083 1954 &in
1098 1879 1172 1954 hoc
1187 1879 1302 1972 loco,
1324 1881 1373 1954 iis

288 1979 351 2070 qui
367 1979 412 2052 de
430 1981 564 2054 carnali
588 1982 632 2053 ad
651 1981 841 2075 spiritalem
861 1980 1134 2077 intelligentiam
1154 1999 1374 2072 provocan-

287 2089 371 2173 tur,
398 2080 551 2173 dicitur,
582 2086 744 2152 Dominus
760 2099 866 2153 aurem
879 2087 1018 2177 spiritus
1033 2079 1093 2178 asta
1118 2080 1173 2151 ubi
1185 2096 1291 2150 artem
1300 2083 1380 2178 spi-

286 2183 373 2250 ritus
390 2183 544 2265 Domini,
565 2179 609 2249 iii
619 2181 658 2255 6
668 2181 811 2254 libertas.
837 2181 894 2254 Ut
909 2194 1030 2255 autem
1041 2179 1264 2274 ostenderet,
1283 2183 1372 2272 quia

285 2274 362 2372 ipse
375 2279 448 2369 J’am
471 2279 642 2374 pervenit
664 2281 708 2353 ad
731 2279 887 2355 scientiae
910 2281 1145 2374 libertatem,
1171 2278 1205 2353 ἀ
1229 2295 1368 2356 exutus

286 2375 346 2470 est¹
366 2378 412 2451 de
438 2380 626 2453 velaminis
652 2380 855 2475 servitute,
882 2381 1087 2474 addianis,
1103 2379 1138 2454 dt
1154 2380 1261 2453 dicit:
1292 2386 1369 2455 Nar

286 2495 392 2550 autem
408 2487 523 2550 amnar'
533 2481 673 2551 revelata
682 2482 772 2575 faria
782 2483 917 2576 gloriam
931 2485 1070 2552 Domini
1081 2479 1291 2578 marianas.
1330 2482 1368 2557 si

287 2599 378 2674 ergo
402 2580 522 2653 &nos
545 2580 745 2656 Dominum
772 2584 1032 2676 deprecemur,
1067 2596 1111 2654 ut
1132 2583 1302 2655 velamen
1322 2583 1369 2658 de

286 2679 400 2752 corde
425 2680 551 2752 nostro
577 2681 742 2775 dignetur
763 2683 926 2773 auferre,
953 2701 1083 2776 capere
1105 2679 1290 2774 possumus
1310 2683 1365 2755 in·-

285 2780 522 2874 tclligentiam
537 2778 749 2872 spiritalem,
771 2784 796 2857 sr
812 2796 933 2855 tamen
950 2793 1209 2855 convertamur
1222 2783 1265 2855 ad
1285 2783 1365 2855 Do·

285 2879 445 2967 minum,
465 2880 716 2954 &libertatem
731 2880 887 2956 scientia
902 2883 1134 2973 requiramus.
1186 2881 1257 2954 Sed
1269 2904 1364 2973 quo·

284 2977 401 3053 tnodo
428 2980 594 3053 invenire
620 2979 803 3073 possumus
831 2984 1056 3072 libertatem,
1094 2980 1154 3072 qui
1186 2979 1363 3058 servimus

284 3075 450 3151 saeculo?
471 3081 531 3170 qui
547 3077 720 3155 servimus
739 3081 933 3174 pecuniae?
960 3083 1020 3173 qui
1038 3082 1212 3154 servimus
1229 3081 1364 3157 defide-

285 3177 348 3250 riis
368 3177 511 3252 carnisl
538 3177 620 3276 Ego
636 3181 806 3273 meipsum
823 3182 1005 3274 corripio,
1030 3179 1202 3274 meipsum
1216 3182 1361 3277 judico,

286 3297 359 3371 ego
380 3299 476 3350 meas
500 3280 622 3371 culpas
648 3302 782 3378 arguo,
814 3282 975 3354 viderint
993 3284 1051 3373 qui
1077 3281 1249 3373 audiunt,
1277 3285 1363 3375 quid

285 3376 331 3449 de
348 3375 538 3470 semetipsrs
556 3377 722 3458 sentiant
773 3381 853 3478 Ego
875 3382 1020 3456 interim
1037 3381 1143 3475 dico,
1171 3382 1272 3473 quod
1297 3385 1363 3457 do·

284 3496 355 3551 nec
373 3478 478 3550 alicui
493 3478 624 3551 horum
640 3479 820 3574 deservio,
836 3502 913 3555 non
927 3480 999 3555 sum
1014 3480 1213 3555 conversus
1227 3483 1271 3554 ad
1281 3483 1362 3556 Do-

285 3576 444 3669 minum,
469 3598 539 3650 nec
554 3580 662 3652 ullam
679 3579 896 3653 consecutus
912 3578 984 3653 sum
999 3582 1215 3676 libertatem,
1239 3584 1364 3657 donec

284 3677 371 3748 talia
386 3699 444 3750 me
460 3680 630 3773 negotia,
657 3677 961 3753 &sollicitudines
979 3679 1167 3777 stringunt.
1219 3681 1321 3756 lllius
1340 3705 1363 3758 a

287 3795 362 3867 quo
383 3776 612 3872 constringor
633 3781 771 3876 negotii
798 3780 832 3853 dc
853 3780 1103 3854 sollicitudinis
1123 3779 1247 3853 servus
1273 3781 1362 3858 sum.

285 3875 371 3948 Scio
387 3877 481 3949 enim
499 3876 665 3970 scripturn
684 3880 772 3971 elle,
802 3881 884 3972 quia
899 3883 1177 3972 unusquisque-a
1193 3901 1267 3971 quo
1280 3885 1363 3956 vin·

287 3975 401 4069 citur,
427 3977 511 4050 huic
531 3976 702 4053 &servus
718 3980 915 4072 addicitur,
944 3981 1091 4054 etiamsr
1112 4002 1170 4054 me
1183 4003 1286 4056 amor
1300 4005 1364 4076 pe·

260 4074 403 4223 qnia
425 4097 502 4154 non
526 4075 694 4184 superat,
721 4081 830 4156 etiam
850 4078 1139 4176 fiposseslionum
1162 4079 1196 4154 δι
1218 4081 1363 4254 auxia.
