<?xml version="1.0" encoding="UTF-8"?>
<!DOCTYPE html PUBLIC "-//W3C//DTD XHTML 1.0 Transitional//EN"
    "http://www.w3.org/TR/xhtml1/DTD/xhtml1-transitional.dtd">
<html xmlns="http://www.w3.org/1999/xhtml" xml:lang="en" lang="en">
 <head>
  <title>
</title>
<meta http-equiv="Content-Type" content="text/html;charset=utf-8" />
  <meta name='ocr-system' content='tesseract 3.04.00' />
  <meta name='ocr-capabilities' content='ocr_page ocr_carea ocr_par ocr_line ocrx_word'/>
</head>
<body>
  <div class='ocr_page' id='page_1' title='image "./operaomniasanct02unkngoog/operaomniasanct02unkngoog_0018.png"; bbox 0 0 3417 4692; ppageno 0'>
   <div class='ocr_carea' id='block_1_1' title="bbox 348 309 1355 460">
    <p class='ocr_par' dir='ltr' id='par_1_1' title="bbox 348 309 1355 460">
     <span class='ocr_line' id='line_1_1' title="bbox 348 309 1355 460; baseline 0.002 -34"><span class='ocrx_word' id='word_1_1' title='bbox 348 365 379 450; x_wconf 65' lang='lat' dir='ltr'><em>e</em></span> <span class='ocrx_word' id='word_1_2' title='bbox 516 327 924 460; x_wconf 67' lang='lat' dir='ltr'><em>monnfrumnu</em></span> <span class='ocrx_word' id='word_1_3' title='bbox 949 309 1243 425; x_wconf 62' lang='lat' dir='ltr'><em>seruosne.</em></span> <span class='ocrx_word' id='word_1_4' title='bbox 1352 424 1355 428; x_wconf 78' lang='grc'>,</span> 
     </span>
    </p>
   </div>
   <div class='ocr_carea' id='block_1_2' title="bbox 308 507 1418 1010">
    <p class='ocr_par' dir='ltr' id='par_1_2' title="bbox 308 507 1418 1010">
     <span class='ocr_line' id='line_1_2' title="bbox 344 507 1417 610; baseline -0.002 -26"><span class='ocrx_word' id='word_1_5' title='bbox 344 511 511 607; x_wconf 64' lang='lat' dir='ltr'><em>probant,-</em></span> <span class='ocrx_word' id='word_1_6' title='bbox 536 509 574 587; x_wconf 68' lang='grc' dir='ltr'>θ</span> <span class='ocrx_word' id='word_1_7' title='bbox 591 525 740 606; x_wconf 81' lang='lat' dir='ltr'><em>preterea</em></span> <span class='ocrx_word' id='word_1_8' title='bbox 759 513 915 582; x_wconf 86' lang='lat' dir='ltr'><em>incestum</em></span> <span class='ocrx_word' id='word_1_9' title='bbox 927 507 999 603; x_wconf 75' lang='lat' dir='ltr'><em>effi,</em></span> <span class='ocrx_word' id='word_1_10' title='bbox 1021 509 1103 582; x_wconf 85' lang='lat' dir='ltr'><em>unde</em></span> <span class='ocrx_word' id='word_1_11' title='bbox 1117 513 1317 606; x_wconf 78' lang='lat' dir='ltr'><em>origeniana</em></span> <span class='ocrx_word' id='word_1_12' title='bbox 1335 511 1417 610; x_wconf 77' lang='lat' dir='ltr'><em>ejus·</em></span> 
     </span>
     <span class='ocr_line' id='line_1_3' title="bbox 349 611 1418 707; baseline -0.002 -21"><span class='ocrx_word' id='word_1_13' title='bbox 349 614 435 686; x_wconf 83' lang='lat' dir='ltr'><em>modi</em></span> <span class='ocrx_word' id='word_1_14' title='bbox 452 611 596 707; x_wconf 80' lang='lat' dir='ltr'><em>symbola</em></span> <span class='ocrx_word' id='word_1_15' title='bbox 619 616 654 680; x_wconf 90' lang='lat' dir='ltr'><em>iu</em></span> <span class='ocrx_word' id='word_1_16' title='bbox 679 611 818 707; x_wconf 77' lang='lat' dir='ltr'><em>Gerusm</em></span> <span class='ocrx_word' id='word_1_17' title='bbox 838 616 944 706; x_wconf 80' lang='lat' dir='ltr'><em>petite</em></span> <span class='ocrx_word' id='word_1_18' title='bbox 956 613 1052 706; x_wconf 78' lang='lat' dir='ltr'><em>fine,</em></span> <span class='ocrx_word' id='word_1_19' title='bbox 1084 634 1130 682; x_wconf 90' lang='lat' dir='ltr'><em>an</em></span> <span class='ocrx_word' id='word_1_20' title='bbox 1150 637 1167 682; x_wconf 92' lang='lat' dir='ltr'><em>e</em></span> <span class='ocrx_word' id='word_1_21' title='bbox 1186 618 1302 705; x_wconf 88' lang='lat' dir='ltr'><em>tamis,</em></span> <span class='ocrx_word' id='word_1_22' title='bbox 1332 637 1378 683; x_wconf 90' lang='lat' dir='ltr'><em>an</em></span> <span class='ocrx_word' id='word_1_23' title='bbox 1399 635 1418 683; x_wconf 93' lang='grc' dir='ltr'><em>ν</em></span> 
     </span>
     <span class='ocr_line' id='line_1_4' title="bbox 308 710 1417 808; baseline -0.001 -25"><span class='ocrx_word' id='word_1_24' title='bbox 308 769 311 774; x_wconf 86' lang='lat'><em>.</em></span> <span class='ocrx_word' id='word_1_25' title='bbox 345 713 497 806; x_wconf 79' lang='lat' dir='ltr'><em>scholiis,</em></span> <span class='ocrx_word' id='word_1_26' title='bbox 522 735 566 782; x_wconf 87' lang='lat' dir='ltr'><em>an</em></span> <span class='ocrx_word' id='word_1_27' title='bbox 581 736 620 781; x_wconf 83' lang='lat' dir='ltr'><em>erc</em></span> <span class='ocrx_word' id='word_1_28' title='bbox 634 710 791 800; x_wconf 77' lang='lat' dir='ltr'><em>homiliis,</em></span> <span class='ocrx_word' id='word_1_29' title='bbox 816 736 862 780; x_wconf 88' lang='lat' dir='ltr'><em>an</em></span> <span class='ocrx_word' id='word_1_30' title='bbox 881 713 1015 808; x_wconf 80' lang='lat' dir='ltr'><em>denique</em></span> <span class='ocrx_word' id='word_1_31' title='bbox 1030 736 1069 786; x_wconf 84' lang='lat' dir='ltr'><em>ex</em></span> <span class='ocrx_word' id='word_1_32' title='bbox 1081 712 1235 807; x_wconf 79' lang='lat' dir='ltr'><em>aliisejus</em></span> <span class='ocrx_word' id='word_1_33' title='bbox 1250 717 1287 782; x_wconf 91' lang='lat' dir='ltr'><em>in</em></span> <span class='ocrx_word' id='word_1_34' title='bbox 1305 715 1417 783; x_wconf 84' lang='lat' dir='ltr'><em>diner-</em></span> 
     </span>
     <span class='ocr_line' id='line_1_5' title="bbox 345 809 1415 910; baseline -0.002 -26"><span class='ocrx_word' id='word_1_35' title='bbox 345 813 397 905; x_wconf 62' lang='lat' dir='ltr'><em>fis</em></span> <span class='ocrx_word' id='word_1_36' title='bbox 408 811 575 910; x_wconf 80' lang='lat' dir='ltr'><em>scriptura</em></span> <span class='ocrx_word' id='word_1_37' title='bbox 581 811 678 900; x_wconf 86' lang='lat' dir='ltr'><em>saara</em></span> <span class='ocrx_word' id='word_1_38' title='bbox 691 811 788 882; x_wconf 85' lang='lat' dir='ltr'><em>libros</em></span> <span class='ocrx_word' id='word_1_39' title='bbox 807 815 1050 890; x_wconf 81' lang='lat' dir='ltr'><em>commentariis.</em></span> <span class='ocrx_word' id='word_1_40' title='bbox 1105 813 1196 882; x_wconf 80' lang='lat' dir='ltr'><em>Certe</em></span> <span class='ocrx_word' id='word_1_41' title='bbox 1210 834 1247 881; x_wconf 85' lang='lat' dir='ltr'><em>ex</em></span> <span class='ocrx_word' id='word_1_42' title='bbox 1264 828 1311 882; x_wconf 91' lang='lat' dir='ltr'><em>tat</em></span> <span class='ocrx_word' id='word_1_43' title='bbox 1318 809 1415 906; x_wconf 85' lang='lat' dir='ltr'><em>frag·</em></span> 
     </span>
     <span class='ocr_line' id='line_1_6' title="bbox 346 911 1416 1010; baseline -0.004 -26"><span class='ocrx_word' id='word_1_44' title='bbox 346 916 486 997; x_wconf 86' lang='lat' dir='ltr'><em>mentis,</em></span> <span class='ocrx_word' id='word_1_45' title='bbox 508 935 576 1010; x_wconf 82' lang='lat' dir='ltr'><em>qua</em></span> <span class='ocrx_word' id='word_1_46' title='bbox 594 927 713 981; x_wconf 84' lang='lat' dir='ltr'><em>eatena</em></span> <span class='ocrx_word' id='word_1_47' title='bbox 724 911 899 998; x_wconf 82' lang='lat' dir='ltr'><em>exhibent,</em></span> <span class='ocrx_word' id='word_1_48' title='bbox 924 917 984 985; x_wconf 85' lang='lat' dir='ltr'><em>nias</em></span> <span class='ocrx_word' id='word_1_49' title='bbox 998 913 1056 983; x_wconf 88' lang='lat' dir='ltr'><em>dus</em></span> <span class='ocrx_word' id='word_1_50' title='bbox 1067 927 1124 984; x_wconf 86' lang='lat' dir='ltr'><em>aot</em></span> <span class='ocrx_word' id='word_1_51' title='bbox 1138 916 1416 1010; x_wconf 85' lang='lat' dir='ltr'><em>triacomperimus</em></span> 
     </span>
    </p>
   </div>
   <div class='ocr_carea' id='block_1_3' title="bbox 344 1012 942 1110">
    <p class='ocr_par' dir='ltr' id='par_1_3' title="bbox 344 1012 942 1110">
     <span class='ocr_line' id='line_1_7' title="bbox 344 1012 942 1110; baseline -0.002 -23"><span class='ocrx_word' id='word_1_52' title='bbox 344 1013 393 1088; x_wconf 78' lang='lat' dir='ltr'><em>&#39;ud</em></span> <span class='ocrx_word' id='word_1_53' title='bbox 405 1012 551 1086; x_wconf 78' lang='lat' dir='ltr'><em>homilias</em></span> <span class='ocrx_word' id='word_1_54' title='bbox 565 1017 603 1082; x_wconf 92' lang='lat' dir='ltr'><em>in</em></span> <span class='ocrx_word' id='word_1_55' title='bbox 620 1012 760 1110; x_wconf 82' lang='lat' dir='ltr'><em>Gerrestm</em></span> <span class='ocrx_word' id='word_1_56' title='bbox 769 1016 942 1110; x_wconf 85' lang='lat' dir='ltr'><em>pertinere.</em></span> 
     </span>
    </p>
   </div>
   <div class='ocr_carea' id='block_1_4' title="bbox 308 1210 1420 4102">
    <p class='ocr_par' dir='ltr' id='par_1_4' title="bbox 308 1210 1420 4102">
     <span class='ocr_line' id='line_1_8' title="bbox 424 1210 1420 1308; baseline -0.002 -22"><span class='ocrx_word' id='word_1_57' title='bbox 424 1211 491 1288; x_wconf 90' lang='lat' dir='ltr'><em>IV.</em></span> <span class='ocrx_word' id='word_1_58' title='bbox 520 1217 737 1308; x_wconf 80' lang='lat' dir='ltr'><em>Hieronymus¹</em></span> <span class='ocrx_word' id='word_1_59' title='bbox 759 1223 832 1287; x_wconf 81' lang='lat' dir='ltr'><em>tem,</em></span> <span class='ocrx_word' id='word_1_60' title='bbox 857 1230 890 1303; x_wconf 85' lang='lat'><em>4.</em></span> <span class='ocrx_word' id='word_1_61' title='bbox 914 1233 1004 1282; x_wconf 80' lang='lat' dir='ltr'><em>none</em></span> <span class='ocrx_word' id='word_1_62' title='bbox 1028 1212 1177 1284; x_wconf 73' lang='lat' dir='ltr'><em>editionis</em></span> <span class='ocrx_word' id='word_1_63' title='bbox 1195 1210 1293 1302; x_wconf 75' lang='lat' dir='ltr'><em>Claſje</em></span> <span class='ocrx_word' id='word_1_64' title='bbox 1314 1214 1420 1285; x_wconf 77' lang='lat' dir='ltr'><em>tertia·</em></span> 
     </span>
     <span class='ocr_line' id='line_1_9' title="bbox 349 1310 1415 1506; baseline -0.001 -20"><span class='ocrx_word' id='word_1_65' title='bbox 349 1310 1415 1506; x_wconf 50' lang='lat' dir='ltr'><em>hirmin‘ll‘hlhilhhlt&#39;lh,illiso</em></span> 
     </span>
     <span class='ocr_line' id='line_1_10' title="bbox 318 1508 1411 1606; baseline 0.004 -26"><span class='ocrx_word' id='word_1_66' title='bbox 318 1575 320 1580; x_wconf 86' lang='lat'><em>.</em></span> <span class='ocrx_word' id='word_1_67' title='bbox 350 1531 472 1587; x_wconf 82' lang='lat' dir='ltr'><em>carum</em></span> <span class='ocrx_word' id='word_1_68' title='bbox 487 1512 711 1584; x_wconf 86' lang='lat' dir='ltr'><em>homiliarum</em></span> <span class='ocrx_word' id='word_1_69' title='bbox 729 1511 842 1584; x_wconf 85' lang='lat' dir='ltr'><em>libros</em></span> <span class='ocrx_word' id='word_1_70' title='bbox 869 1511 980 1585; x_wconf 82' lang='lat' dir='ltr'><em>duos:</em></span> <span class='ocrx_word' id='word_1_71' title='bbox 1004 1512 1041 1583; x_wconf 87' lang='lat' dir='ltr'><em>in</em></span> <span class='ocrx_word' id='word_1_72' title='bbox 1064 1508 1197 1583; x_wconf 83' lang='lat' dir='ltr'><em>Exodo</em></span> <span class='ocrx_word' id='word_1_73' title='bbox 1217 1523 1411 1606; x_wconf 81' lang='lat' dir='ltr'><em>excerpta,</em></span> 
     </span>
     <span class='ocr_line' id='line_1_11' title="bbox 347 1609 1413 1706; baseline -0.003 -20"><span class='ocrx_word' id='word_1_74' title='bbox 347 1612 387 1686; x_wconf 84' lang='lat' dir='ltr'><em>in</em></span> <span class='ocrx_word' id='word_1_75' title='bbox 414 1610 586 1684; x_wconf 88' lang='lat' dir='ltr'><em>Levitico</em></span> <span class='ocrx_word' id='word_1_76' title='bbox 614 1622 794 1702; x_wconf 80' lang='lat' dir='ltr'><em>excerpta.</em></span> <span class='ocrx_word' id='word_1_77' title='bbox 858 1609 961 1706; x_wconf 80' lang='lat' dir='ltr'><em>lslhaec</em></span> <span class='ocrx_word' id='word_1_78' title='bbox 981 1609 1078 1699; x_wconf 86' lang='lat' dir='ltr'><em>seriei</em></span> <span class='ocrx_word' id='word_1_79' title='bbox 1103 1609 1265 1706; x_wconf 82' lang='lat' dir='ltr'><em>manisesle</em></span> <span class='ocrx_word' id='word_1_80' title='bbox 1291 1613 1413 1684; x_wconf 80' lang='lat' dir='ltr'><em>intime</em></span> 
     </span>
     <span class='ocr_line' id='line_1_12' title="bbox 346 1707 1411 1807; baseline -0.001 -23"><span class='ocrx_word' id='word_1_81' title='bbox 346 1712 389 1784; x_wconf 81' lang='lat' dir='ltr'><em>ad</em></span> <span class='ocrx_word' id='word_1_82' title='bbox 417 1710 555 1806; x_wconf 77' lang='lat' dir='ltr'><em>Genefim</em></span> <span class='ocrx_word' id='word_1_83' title='bbox 576 1707 765 1807; x_wconf 81' lang='lat' dir='ltr'><em>pertinuiffe</em></span> <span class='ocrx_word' id='word_1_84' title='bbox 791 1709 926 1807; x_wconf 73' lang='lat' dir='ltr'><em>mysticas</em></span> <span class='ocrx_word' id='word_1_85' title='bbox 949 1710 1037 1799; x_wconf 84' lang='lat' dir='ltr'><em>hasce</em></span> <span class='ocrx_word' id='word_1_86' title='bbox 1063 1710 1240 1795; x_wconf 85' lang='lat' dir='ltr'><em>homilias‚·</em></span> <span class='ocrx_word' id='word_1_87' title='bbox 1266 1733 1322 1779; x_wconf 88' lang='lat' dir='ltr'><em>nec</em></span> <span class='ocrx_word' id='word_1_88' title='bbox 1345 1711 1411 1783; x_wconf 83' lang='lat' dir='ltr'><em>alis</em></span> 
     </span>
     <span class='ocr_line' id='line_1_13' title="bbox 341 1809 1410 1906; baseline 0 -26"><span class='ocrx_word' id='word_1_89' title='bbox 341 1809 439 1902; x_wconf 80' lang='lat' dir='ltr'><em>sensu</em></span> <span class='ocrx_word' id='word_1_90' title='bbox 456 1811 646 1905; x_wconf 76' lang='lat' dir='ltr'><em>Hieronymi</em></span> <span class='ocrx_word' id='word_1_91' title='bbox 661 1811 759 1880; x_wconf 83' lang='lat' dir='ltr'><em>lecum</em></span> <span class='ocrx_word' id='word_1_92' title='bbox 777 1815 894 1906; x_wconf 88' lang='lat' dir='ltr'><em>accepit</em></span> <span class='ocrx_word' id='word_1_93' title='bbox 908 1812 1023 1880; x_wconf 86' lang='lat' dir='ltr'><em>Sixtus</em></span> <span class='ocrx_word' id='word_1_94' title='bbox 1044 1811 1189 1902; x_wconf 75' lang='lat' dir='ltr'><em>Senensis</em></span> <span class='ocrx_word' id='word_1_95' title='bbox 1209 1809 1255 1877; x_wconf 84' lang='lat' dir='ltr'><em>lil</em></span> <span class='ocrx_word' id='word_1_96' title='bbox 1284 1827 1320 1900; x_wconf 87' lang='lat'><em>4.</em></span> <span class='ocrx_word' id='word_1_97' title='bbox 1336 1829 1410 1905; x_wconf 84' lang='lat' dir='ltr'><em>pag.</em></span> 
     </span>
     <span class='ocr_line' id='line_1_14' title="bbox 349 1908 1412 2005; baseline -0.003 -23"><span class='ocrx_word' id='word_1_98' title='bbox 349 1929 434 2002; x_wconf 81' lang='lat'><em>352.</em></span> <span class='ocrx_word' id='word_1_99' title='bbox 455 1908 510 1979; x_wconf 80' lang='lat' dir='ltr'><em>uhi</em></span> <span class='ocrx_word' id='word_1_100' title='bbox 527 1913 787 2004; x_wconf 81' lang='lat' dir='ltr'><em>etiamepinatur</em></span> <span class='ocrx_word' id='word_1_101' title='bbox 796 1909 1027 2004; x_wconf 78' lang='lat' dir='ltr'><em>septemdecim,</em></span> <span class='ocrx_word' id='word_1_102' title='bbox 1045 1933 1113 2005; x_wconf 88' lang='lat' dir='ltr'><em>qua</em></span> <span class='ocrx_word' id='word_1_103' title='bbox 1130 1910 1220 1979; x_wconf 88' lang='lat' dir='ltr'><em>hodie</em></span> <span class='ocrx_word' id='word_1_104' title='bbox 1235 1909 1339 1979; x_wconf 86' lang='lat' dir='ltr'><em>latine</em></span> <span class='ocrx_word' id='word_1_105' title='bbox 1357 1935 1412 1979; x_wconf 83' lang='lat' dir='ltr'><em>ex·</em></span> 
     </span>
     <span class='ocr_line' id='line_1_15' title="bbox 308 2006 1409 2110; baseline -0.001 -31"><span class='ocrx_word' id='word_1_106' title='bbox 308 2009 315 2029; x_wconf 85' lang='lat'><em>&#39;</em></span> <span class='ocrx_word' id='word_1_107' title='bbox 338 2008 436 2110; x_wconf 84' lang='lat' dir='ltr'><em>slent</em></span> <span class='ocrx_word' id='word_1_108' title='bbox 452 2013 491 2078; x_wconf 81' lang='lat' dir='ltr'><em>in</em></span> <span class='ocrx_word' id='word_1_109' title='bbox 510 2009 702 2081; x_wconf 74' lang='lat' dir='ltr'><em>editionibus</em></span> <span class='ocrx_word' id='word_1_110' title='bbox 718 2009 862 2082; x_wconf 87' lang='lat' dir='ltr'><em>Merlini</em></span> <span class='ocrx_word' id='word_1_111' title='bbox 881 2008 920 2083; x_wconf 72' lang='lat' dir='ltr'><em>o</em></span> <span class='ocrx_word' id='word_1_112' title='bbox 942 2006 1161 2096; x_wconf 66' lang='lat' dir='ltr'><em>Generosos,</em></span> <span class='ocrx_word' id='word_1_113' title='bbox 1189 2009 1314 2080; x_wconf 88' lang='lat' dir='ltr'><em>illarum</em></span> <span class='ocrx_word' id='word_1_114' title='bbox 1330 2029 1409 2104; x_wconf 90' lang='lat' dir='ltr'><em>par·</em></span> 
     </span>
     <span class='ocr_line' id='line_1_16' title="bbox 346 2103 1411 2205; baseline -0.004 -23"><span class='ocrx_word' id='word_1_115' title='bbox 346 2121 410 2182; x_wconf 81' lang='lat' dir='ltr'><em>len</em></span> <span class='ocrx_word' id='word_1_116' title='bbox 422 2103 533 2200; x_wconf 75' lang='lat' dir='ltr'><em>suiffe.</em></span> <span class='ocrx_word' id='word_1_117' title='bbox 583 2111 711 2199; x_wconf 83' lang='lat' dir='ltr'><em>„Huic</em></span> <span class='ocrx_word' id='word_1_118' title='bbox 727 2133 795 2202; x_wconf 82' lang='lat' dir='ltr'><em>ega,</em></span> <span class='ocrx_word' id='word_1_119' title='bbox 820 2106 937 2199; x_wconf 80' lang='lat' dir='ltr'><em>inquit</em></span> <span class='ocrx_word' id='word_1_120' title='bbox 951 2106 1129 2201; x_wconf 78' lang='lat' dir='ltr'><em>Huetr&#39;us,</em></span> <span class='ocrx_word' id='word_1_121' title='bbox 1152 2115 1339 2205; x_wconf 81' lang='lat' dir='ltr'><em>nentiquam</em></span> <span class='ocrx_word' id='word_1_122' title='bbox 1358 2108 1411 2195; x_wconf 81' lang='lat' dir='ltr'><em>as·</em></span> 
     </span>
     <span class='ocr_line' id='line_1_17' title="bbox 345 2203 1409 2306; baseline 0.001 -27"><span class='ocrx_word' id='word_1_123' title='bbox 345 2255 375 2302; x_wconf 90' lang='lat'>„</span> <span class='ocrx_word' id='word_1_124' title='bbox 392 2203 654 2305; x_wconf 81' lang='lat' dir='ltr'><em>senteripaffism:</em></span> <span class='ocrx_word' id='word_1_125' title='bbox 678 2208 813 2279; x_wconf 82' lang='lat' dir='ltr'><em>homilia</em></span> <span class='ocrx_word' id='word_1_126' title='bbox 828 2212 929 2291; x_wconf 87' lang='lat' dir='ltr'><em>enim,</em></span> <span class='ocrx_word' id='word_1_127' title='bbox 949 2207 1202 2304; x_wconf 81' lang='lat' dir='ltr'><em>quasholemus,</em></span> <span class='ocrx_word' id='word_1_128' title='bbox 1219 2226 1409 2306; x_wconf 78' lang='lat' dir='ltr'><em>intempore</em></span> 
     </span>
     <span class='ocr_line' id='line_1_18' title="bbox 344 2305 1410 2404; baseline -0.002 -24"><span class='ocrx_word' id='word_1_129' title='bbox 344 2351 370 2400; x_wconf 84' lang='lat'><em>,‚</em></span> <span class='ocrx_word' id='word_1_130' title='bbox 392 2310 549 2380; x_wconf 77' lang='lat' dir='ltr'><em>videntur</em></span> <span class='ocrx_word' id='word_1_131' title='bbox 560 2314 799 2404; x_wconf 79' lang='lat' dir='ltr'><em>pronuntiata,</em></span> <span class='ocrx_word' id='word_1_132' title='bbox 825 2305 865 2383; x_wconf 66' lang='lat' dir='ltr'><em>o</em></span> <span class='ocrx_word' id='word_1_133' title='bbox 878 2308 917 2376; x_wconf 83' lang='lat' dir='ltr'><em>ab</em></span> <span class='ocrx_word' id='word_1_134' title='bbox 929 2306 1087 2378; x_wconf 72' lang='lat' dir='ltr'><em>elluariis</em></span> <span class='ocrx_word' id='word_1_135' title='bbox 1102 2313 1140 2378; x_wconf 90' lang='lat' dir='ltr'><em>in</em></span> <span class='ocrx_word' id='word_1_136' title='bbox 1151 2312 1265 2380; x_wconf 79' lang='lat' dir='ltr'><em>literas</em></span> <span class='ocrx_word' id='word_1_137' title='bbox 1280 2311 1410 2398; x_wconf 77' lang='lat' dir='ltr'><em>relate3</em></span> 
     </span>
     <span class='ocr_line' id='line_1_19' title="bbox 344 2407 1408 2504; baseline 0.002 -27"><span class='ocrx_word' id='word_1_138' title='bbox 344 2458 371 2499; x_wconf 90' lang='lat'>„</span> <span class='ocrx_word' id='word_1_139' title='bbox 384 2410 526 2504; x_wconf 75' lang='lat' dir='ltr'><em>&#39;mystica</em></span> <span class='ocrx_word' id='word_1_140' title='bbox 543 2410 782 2489; x_wconf 28' lang='lat' dir='ltr'><em>versxmeditate</em></span> <span class='ocrx_word' id='word_1_141' title='bbox 795 2425 851 2502; x_wconf 85' lang='lat' dir='ltr'><em>per</em></span> <span class='ocrx_word' id='word_1_142' title='bbox 865 2410 965 2474; x_wconf 85' lang='lat' dir='ltr'><em>stium</em></span> <span class='ocrx_word' id='word_1_143' title='bbox 979 2407 1139 2478; x_wconf 79' lang='lat' dir='ltr'><em>elaborare</em></span> <span class='ocrx_word' id='word_1_144' title='bbox 1158 2409 1197 2484; x_wconf 70' lang='lat' dir='ltr'><em>U</em></span> <span class='ocrx_word' id='word_1_145' title='bbox 1211 2407 1252 2478; x_wconf 83' lang='lat' dir='ltr'><em>sd</em></span> <span class='ocrx_word' id='word_1_146' title='bbox 1271 2411 1408 2502; x_wconf 74' lang='lat' dir='ltr'><em>origene</em></span> 
     </span>
     <span class='ocr_line' id='line_1_20' title="bbox 343 2503 1406 2604; baseline 0.003 -28"><span class='ocrx_word' id='word_1_147' title='bbox 343 2553 369 2598; x_wconf 91' lang='lat'><strong>„</strong></span> <span class='ocrx_word' id='word_1_148' title='bbox 393 2509 456 2604; x_wconf 89' lang='lat' dir='ltr'><em>ipsa</em></span> <span class='ocrx_word' id='word_1_149' title='bbox 474 2503 667 2598; x_wconf 78' lang='lat' dir='ltr'><em>edite-sunt.</em></span> <span class='ocrx_word' id='word_1_150' title='bbox 681 2555 704 2594; x_wconf 89' lang='lat'><em>,‚</em></span> <span class='ocrx_word' id='word_1_151' title='bbox 729 2508 808 2580; x_wconf 89' lang='lat' dir='ltr'><em>Nan</em></span> <span class='ocrx_word' id='word_1_152' title='bbox 824 2507 962 2604; x_wconf 84' lang='lat' dir='ltr'><em>equidem</em></span> <span class='ocrx_word' id='word_1_153' title='bbox 985 2507 1109 2593; x_wconf 79' lang='lat' dir='ltr'><em>inficias</em></span> <span class='ocrx_word' id='word_1_154' title='bbox 1133 2512 1225 2578; x_wconf 91' lang='lat' dir='ltr'><em>ierim</em></span> <span class='ocrx_word' id='word_1_155' title='bbox 1246 2509 1330 2578; x_wconf 82' lang='lat' dir='ltr'><em>alios</em></span> <span class='ocrx_word' id='word_1_156' title='bbox 1345 2527 1406 2604; x_wconf 86' lang='lat' dir='ltr'><em>per</em></span> 
     </span>
     <span class='ocr_line' id='line_1_21' title="bbox 344 2597 1407 2701; baseline -0.004 -21"><span class='ocrx_word' id='word_1_157' title='bbox 344 2597 447 2680; x_wconf 76' lang='lat' dir='ltr'><em>otium</em></span> <span class='ocrx_word' id='word_1_158' title='bbox 462 2607 612 2677; x_wconf 85' lang='lat' dir='ltr'><em>meditate</em></span> <span class='ocrx_word' id='word_1_159' title='bbox 629 2602 791 2698; x_wconf 71' lang='lat' dir='ltr'><em>elaborasse</em></span> <span class='ocrx_word' id='word_1_160' title='bbox 811 2609 993 2698; x_wconf 82' lang='lat' dir='ltr'><em>origenem,</em></span> <span class='ocrx_word' id='word_1_161' title='bbox 1019 2606 1104 2677; x_wconf 90' lang='lat' dir='ltr'><em>alias</em></span> <span class='ocrx_word' id='word_1_162' title='bbox 1123 2631 1162 2677; x_wconf 87' lang='lat' dir='ltr'><em>ex</em></span> <span class='ocrx_word' id='word_1_163' title='bbox 1180 2624 1312 2701; x_wconf 87' lang='lat' dir='ltr'><em>tempore</em></span> <span class='ocrx_word' id='word_1_164' title='bbox 1329 2613 1407 2678; x_wconf 89' lang='lat' dir='ltr'><em>reci·</em></span> 
     </span>
     <span class='ocr_line' id='line_1_22' title="bbox 344 2702 1413 2804; baseline -0.004 -24"><span class='ocrx_word' id='word_1_165' title='bbox 344 2703 433 2795; x_wconf 75' lang='lat' dir='ltr'><em>taffo.</em></span> <span class='ocrx_word' id='word_1_166' title='bbox 486 2703 546 2780; x_wconf 87' lang='lat' dir='ltr'><em>Sed</em></span> <span class='ocrx_word' id='word_1_167' title='bbox 570 2707 652 2776; x_wconf 89' lang='lat' dir='ltr'><em>unde</em></span> <span class='ocrx_word' id='word_1_168' title='bbox 678 2706 827 2776; x_wconf 79' lang='lat' dir='ltr'><em>habumit</em></span> <span class='ocrx_word' id='word_1_169' title='bbox 850 2711 909 2777; x_wconf 82' lang='lat' dir='ltr'><em>nir</em></span> <span class='ocrx_word' id='word_1_170' title='bbox 928 2702 1118 2797; x_wconf 81' lang='lat' dir='ltr'><em>clariffimus</em></span> <span class='ocrx_word' id='word_1_171' title='bbox 1143 2707 1285 2804; x_wconf 72' lang='lat' dir='ltr'><em>mysticas</em></span> <span class='ocrx_word' id='word_1_172' title='bbox 1307 2703 1413 2800; x_wconf 76' lang='lat' dir='ltr'><em>suiffe.</em></span> 
     </span>
     <span class='ocr_line' id='line_1_23' title="bbox 343 2801 1406 2902; baseline 0 -25"><span class='ocrx_word' id='word_1_173' title='bbox 343 2807 493 2877; x_wconf 87' lang='lat' dir='ltr'><em>meditate</em></span> <span class='ocrx_word' id='word_1_174' title='bbox 506 2828 565 2901; x_wconf 80' lang='lat' dir='ltr'><em>per</em></span> <span class='ocrx_word' id='word_1_175' title='bbox 580 2809 680 2878; x_wconf 85' lang='lat' dir='ltr'><em>etium</em></span> <span class='ocrx_word' id='word_1_176' title='bbox 695 2805 889 2892; x_wconf 82' lang='lat' dir='ltr'><em>elaboratas,</em></span> <span class='ocrx_word' id='word_1_177' title='bbox 915 2803 954 2881; x_wconf 73' lang='lat' dir='ltr'><em>o</em></span> <span class='ocrx_word' id='word_1_178' title='bbox 971 2801 1010 2876; x_wconf 84' lang='lat' dir='ltr'><em>ab</em></span> <span class='ocrx_word' id='word_1_179' title='bbox 1026 2810 1157 2899; x_wconf 84' lang='lat' dir='ltr'><em>origene</em></span> <span class='ocrx_word' id='word_1_180' title='bbox 1177 2805 1257 2902; x_wconf 81' lang='lat' dir='ltr'><em>ipso,</em></span> <span class='ocrx_word' id='word_1_181' title='bbox 1283 2831 1348 2875; x_wconf 90' lang='lat' dir='ltr'><em>non</em></span> <span class='ocrx_word' id='word_1_182' title='bbox 1364 2805 1406 2877; x_wconf 79' lang='lat' dir='ltr'><em>al</em></span> 
     </span>
     <span class='ocr_line' id='line_1_24' title="bbox 343 2903 1405 3003; baseline -0.006 -25"><span class='ocrx_word' id='word_1_183' title='bbox 343 2903 501 2978; x_wconf 72' lang='lat' dir='ltr'><em>adludriis</em></span> <span class='ocrx_word' id='word_1_184' title='bbox 515 2906 614 2975; x_wconf 86' lang='lat' dir='ltr'><em>editas</em></span> <span class='ocrx_word' id='word_1_185' title='bbox 622 2951 634 2992; x_wconf 91' lang='lat'><em>,</em></span> <span class='ocrx_word' id='word_1_186' title='bbox 661 2904 696 2975; x_wconf 93' lang='lat' dir='ltr'><em>id</em></span> <span class='ocrx_word' id='word_1_187' title='bbox 707 2905 782 2989; x_wconf 85' lang='lat' dir='ltr'><em>sane</em></span> <span class='ocrx_word' id='word_1_188' title='bbox 794 2904 900 2976; x_wconf 75' lang='lat' dir='ltr'><em>dubito</em></span> <span class='ocrx_word' id='word_1_189' title='bbox 913 2929 960 2976; x_wconf 84' lang='lat' dir='ltr'><em>an</em></span> <span class='ocrx_word' id='word_1_190' title='bbox 978 2905 1161 3003; x_wconf 81' lang='lat' dir='ltr'><em>cujusquam</em></span> <span class='ocrx_word' id='word_1_191' title='bbox 1172 2911 1293 2976; x_wconf 85' lang='lat' dir='ltr'><em>veteris</em></span> <span class='ocrx_word' id='word_1_192' title='bbox 1303 2905 1405 3001; x_wconf 82' lang='lat' dir='ltr'><em>scrip.</em></span> 
     </span>
     <span class='ocr_line' id='line_1_25' title="bbox 343 3001 1403 3102; baseline -0.004 -24"><span class='ocrx_word' id='word_1_193' title='bbox 343 3009 425 3078; x_wconf 81' lang='lat' dir='ltr'><em>toris</em></span> <span class='ocrx_word' id='word_1_194' title='bbox 444 3001 635 3076; x_wconf 77' lang='lat' dir='ltr'><em>audlmitate</em></span> <span class='ocrx_word' id='word_1_195' title='bbox 643 3004 773 3099; x_wconf 81' lang='lat' dir='ltr'><em>probare</em></span> <span class='ocrx_word' id='word_1_196' title='bbox 782 3010 933 3101; x_wconf 84' lang='lat' dir='ltr'><em>potuerit.</em></span> <span class='ocrx_word' id='word_1_197' title='bbox 972 3007 1063 3074; x_wconf 87' lang='lat' dir='ltr'><em>Certe</em></span> <span class='ocrx_word' id='word_1_198' title='bbox 1076 3007 1175 3101; x_wconf 85' lang='lat' dir='ltr'><em>major</em></span> <span class='ocrx_word' id='word_1_199' title='bbox 1183 3025 1263 3102; x_wconf 89' lang='lat' dir='ltr'><em>pars</em></span> <span class='ocrx_word' id='word_1_200' title='bbox 1271 3004 1403 3099; x_wconf 88' lang='lat' dir='ltr'><em>septem·</em></span> 
     </span>
     <span class='ocr_line' id='line_1_26' title="bbox 342 3102 1405 3200; baseline -0.002 -23"><span class='ocrx_word' id='word_1_201' title='bbox 342 3105 439 3178; x_wconf 83' lang='lat' dir='ltr'><em>decim</em></span> <span class='ocrx_word' id='word_1_202' title='bbox 462 3105 664 3174; x_wconf 79' lang='lat' dir='ltr'><em>homiliarum</em></span> <span class='ocrx_word' id='word_1_203' title='bbox 685 3108 723 3176; x_wconf 85' lang='lat' dir='ltr'><em>in</em></span> <span class='ocrx_word' id='word_1_204' title='bbox 747 3105 887 3199; x_wconf 81' lang='lat' dir='ltr'><em>Genefim</em></span> <span class='ocrx_word' id='word_1_205' title='bbox 910 3102 1047 3199; x_wconf 67' lang='lat' dir='ltr'><em>mysticis</em></span> <span class='ocrx_word' id='word_1_206' title='bbox 1056 3103 1189 3200; x_wconf 78' lang='lat' dir='ltr'><em>sensim</em></span> <span class='ocrx_word' id='word_1_207' title='bbox 1209 3107 1405 3176; x_wconf 89' lang='lat' dir='ltr'><em>enarrandis</em></span> 
     </span>
     <span class='ocr_line' id='line_1_27' title="bbox 329 3201 1406 3302; baseline 0.002 -27"><span class='ocrx_word' id='word_1_208' title='bbox 329 3206 545 3302; x_wconf 55' lang='lat' dir='ltr'><em>‚impenditur</em></span> <span class='ocrx_word' id='word_1_209' title='bbox 592 3204 684 3296; x_wconf 75' lang='lat' dir='ltr'><em>Quid</em></span> <span class='ocrx_word' id='word_1_210' title='bbox 700 3227 769 3298; x_wconf 83' lang='lat' dir='ltr'><em>ergo</em></span> <span class='ocrx_word' id='word_1_211' title='bbox 790 3229 842 3275; x_wconf 85' lang='lat' dir='ltr'><em>eas</em></span> <span class='ocrx_word' id='word_1_212' title='bbox 867 3217 961 3273; x_wconf 87' lang='lat' dir='ltr'><em>vetat</em></span> <span class='ocrx_word' id='word_1_213' title='bbox 980 3201 1120 3297; x_wconf 79' lang='lat' dir='ltr'><em>mpslicar</em></span> <span class='ocrx_word' id='word_1_214' title='bbox 1140 3205 1201 3275; x_wconf 89' lang='lat' dir='ltr'><em>dici</em></span> <span class='ocrx_word' id='word_1_215' title='bbox 1224 3203 1264 3282; x_wconf 72' lang='lat'><em>(5</em></span> <span class='ocrx_word' id='word_1_216' title='bbox 1278 3222 1406 3300; x_wconf 84' lang='lat' dir='ltr'><em>partem</em></span> 
     </span>
     <span class='ocr_line' id='line_1_28' title="bbox 342 3300 1405 3401; baseline 0.004 -29"><span class='ocrx_word' id='word_1_217' title='bbox 342 3303 539 3400; x_wconf 71' lang='lat' dir='ltr'><em>mysticarum</em></span> <span class='ocrx_word' id='word_1_218' title='bbox 558 3303 776 3391; x_wconf 84' lang='lat' dir='ltr'><em>homiliarum,</em></span> <span class='ocrx_word' id='word_1_219' title='bbox 809 3325 943 3401; x_wconf 72' lang='lat' dir='ltr'><em>prorum</em></span> <span class='ocrx_word' id='word_1_220' title='bbox 957 3305 1170 3397; x_wconf 78' lang='lat' dir='ltr'><em>Hieronymus</em></span> <span class='ocrx_word' id='word_1_221' title='bbox 1183 3300 1260 3376; x_wconf 85' lang='lat' dir='ltr'><em>duos</em></span> <span class='ocrx_word' id='word_1_222' title='bbox 1276 3328 1405 3376; x_wconf 86' lang='lat' dir='ltr'><em>camme·</em></span> 
     </span>
     <span class='ocr_line' id='line_1_29' title="bbox 341 3401 1405 3498; baseline 0.001 -24"><span class='ocrx_word' id='word_1_223' title='bbox 341 3417 446 3475; x_wconf 86' lang='lat' dir='ltr'><em>morat</em></span> <span class='ocrx_word' id='word_1_224' title='bbox 465 3401 572 3476; x_wconf 74' lang='lat' dir='ltr'><em>libres.</em></span> <span class='ocrx_word' id='word_1_225' title='bbox 619 3405 676 3474; x_wconf 83' lang='lat' dir='ltr'><em>-Ur</em></span> <span class='ocrx_word' id='word_1_226' title='bbox 694 3420 733 3475; x_wconf 84' lang='lat' dir='ltr'><em>ut</em></span> <span class='ocrx_word' id='word_1_227' title='bbox 747 3402 804 3498; x_wconf 76' lang='lat' dir='ltr'><em>es,</em></span> <span class='ocrx_word' id='word_1_228' title='bbox 824 3401 1006 3498; x_wconf 72' lang='lat' dir='ltr'><em>susperstites</em></span> <span class='ocrx_word' id='word_1_229' title='bbox 1025 3402 1112 3490; x_wconf 87' lang='lat' dir='ltr'><em>hasce</em></span> <span class='ocrx_word' id='word_1_230' title='bbox 1123 3405 1328 3490; x_wconf 86' lang='lat' dir='ltr'><em>septemdecim</em></span> <span class='ocrx_word' id='word_1_231' title='bbox 1346 3405 1405 3475; x_wconf 88' lang='lat' dir='ltr'><em>ha·</em></span> 
     </span>
     <span class='ocr_line' id='line_1_30' title="bbox 339 3499 1404 3602; baseline -0.001 -26"><span class='ocrx_word' id='word_1_232' title='bbox 339 3503 474 3579; x_wconf 75' lang='lat' dir='ltr'><em>milies,</em></span> <span class='ocrx_word' id='word_1_233' title='bbox 503 3506 648 3596; x_wconf 82' lang='lat' dir='ltr'><em>Origenis</em></span> <span class='ocrx_word' id='word_1_234' title='bbox 672 3499 728 3594; x_wconf 84' lang='lat' dir='ltr'><em>effe</em></span> <span class='ocrx_word' id='word_1_235' title='bbox 745 3499 854 3572; x_wconf 85' lang='lat' dir='ltr'><em>nullus</em></span> <span class='ocrx_word' id='word_1_236' title='bbox 879 3501 1049 3572; x_wconf 81' lang='lat' dir='ltr'><em>dubitandi</em></span> <span class='ocrx_word' id='word_1_237' title='bbox 1064 3502 1147 3576; x_wconf 87' lang='lat' dir='ltr'><em>loeus</em></span> <span class='ocrx_word' id='word_1_238' title='bbox 1167 3505 1217 3602; x_wconf 76' lang='lat' dir='ltr'><em>es.</em></span> <span class='ocrx_word' id='word_1_239' title='bbox 1270 3504 1404 3575; x_wconf 78' lang='lat' dir='ltr'><em>Preter-</em></span> 
     </span>
     <span class='ocr_line' id='line_1_31' title="bbox 339 3598 1400 3701; baseline 0 -27"><span class='ocrx_word' id='word_1_240' title='bbox 339 3602 514 3701; x_wconf 79' lang='lat' dir='ltr'><em>qseamquod</em></span> <span class='ocrx_word' id='word_1_241' title='bbox 533 3607 617 3673; x_wconf 93' lang='lat' dir='ltr'><em>enim</em></span> <span class='ocrx_word' id='word_1_242' title='bbox 635 3600 771 3672; x_wconf 79' lang='lat' dir='ltr'><em>homilia</em></span> <span class='ocrx_word' id='word_1_243' title='bbox 778 3598 921 3690; x_wconf 71' lang='lat' dir='ltr'><em>sicunde</em></span> <span class='ocrx_word' id='word_1_244' title='bbox 941 3600 994 3671; x_wconf 87' lang='lat' dir='ltr'><em>uhi</em></span> <span class='ocrx_word' id='word_1_245' title='bbox 1008 3603 1147 3675; x_wconf 76' lang='lat' dir='ltr'><em>Metire</em></span> <span class='ocrx_word' id='word_1_246' title='bbox 1166 3608 1255 3676; x_wconf 84' lang='lat' dir='ltr'><em>Arca</em></span> <span class='ocrx_word' id='word_1_247' title='bbox 1271 3600 1400 3696; x_wconf 82' lang='lat' dir='ltr'><em>solriea</em></span> 
     </span>
     <span class='ocr_line' id='line_1_32' title="bbox 340 3698 1400 3798; baseline 0.002 -26"><span class='ocrx_word' id='word_1_248' title='bbox 340 3708 534 3798; x_wconf 78' lang='lat' dir='ltr'><em>expossitur,</em></span> <span class='ocrx_word' id='word_1_249' title='bbox 558 3706 677 3796; x_wconf 78' lang='lat' dir='ltr'><em>integer</em></span> <span class='ocrx_word' id='word_1_250' title='bbox 684 3698 757 3792; x_wconf 84' lang='lat' dir='ltr'><em>sere</em></span> <span class='ocrx_word' id='word_1_251' title='bbox 766 3701 867 3790; x_wconf 86' lang='lat' dir='ltr'><em>sermo</em></span> <span class='ocrx_word' id='word_1_252' title='bbox 877 3723 992 3794; x_wconf 79' lang='lat' dir='ltr'><em>grecus</em></span> <span class='ocrx_word' id='word_1_253' title='bbox 1006 3709 1042 3772; x_wconf 90' lang='lat' dir='ltr'><em>in</em></span> <span class='ocrx_word' id='word_1_254' title='bbox 1058 3703 1200 3774; x_wconf 83' lang='lat' dir='ltr'><em>omnihus</em></span> <span class='ocrx_word' id='word_1_255' title='bbox 1209 3709 1330 3774; x_wconf 85' lang='lat' dir='ltr'><em>catenis</em></span> <span class='ocrx_word' id='word_1_256' title='bbox 1336 3703 1400 3792; x_wconf 79' lang='lat' dir='ltr'><em>suh</em></span> 
     </span>
     <span class='ocr_line' id='line_1_33' title="bbox 340 3799 1400 3900; baseline 0.001 -27"><span class='ocrx_word' id='word_1_257' title='bbox 340 3805 487 3895; x_wconf 78' lang='lat' dir='ltr'><em>origenis</em></span> <span class='ocrx_word' id='word_1_258' title='bbox 505 3806 634 3872; x_wconf 83' lang='lat' dir='ltr'><em>rumine</em></span> <span class='ocrx_word' id='word_1_259' title='bbox 647 3799 894 3893; x_wconf 82' lang='lat' dir='ltr'><em>circumfertur,</em></span> <span class='ocrx_word' id='word_1_260' title='bbox 915 3799 1086 3900; x_wconf 75' lang='lat' dir='ltr'><em>stertente</em></span> <span class='ocrx_word' id='word_1_261' title='bbox 1107 3810 1214 3898; x_wconf 82' lang='lat' dir='ltr'><em>legeris</em></span> <span class='ocrx_word' id='word_1_262' title='bbox 1235 3803 1400 3875; x_wconf 85' lang='lat' dir='ltr'><em>homiliam</em></span> 
     </span>
     <span class='ocr_line' id='line_1_34' title="bbox 337 3899 1399 3998; baseline 0.004 -26"><span class='ocrx_word' id='word_1_263' title='bbox 337 3900 503 3987; x_wconf 60' lang='lat' dir='ltr'><em>decimam</em></span> <span class='ocrx_word' id='word_1_264' title='bbox 528 3899 666 3993; x_wconf 69' lang='lat' dir='ltr'><em>agnosces</em></span> <span class='ocrx_word' id='word_1_265' title='bbox 681 3899 902 3992; x_wconf 75' lang='lat' dir='ltr'><em>uudesanflus</em></span> <span class='ocrx_word' id='word_1_266' title='bbox 924 3901 1107 3998; x_wconf 79' lang='lat' dir='ltr'><em>Eufletlsius</em></span> <span class='ocrx_word' id='word_1_267' title='bbox 1131 3911 1169 3973; x_wconf 84' lang='lat' dir='ltr'><em>in</em></span> <span class='ocrx_word' id='word_1_268' title='bbox 1184 3901 1399 3996; x_wconf 75' lang='lat' dir='ltr'><em>diffirtations</em></span> 
     </span>
     <span class='ocr_line' id='line_1_35' title="bbox 335 3997 1399 4102; baseline 0 -28"><span class='ocrx_word' id='word_1_269' title='bbox 335 3998 375 4074; x_wconf 82' lang='lat' dir='ltr'><em>ds</em></span> <span class='ocrx_word' id='word_1_270' title='bbox 402 3997 661 4097; x_wconf 76' lang='lat' dir='ltr'><em>Engaflsimyths</em></span> <span class='ocrx_word' id='word_1_271' title='bbox 681 4002 863 4075; x_wconf 85' lang='lat' dir='ltr'><em>erinnandi</em></span> <span class='ocrx_word' id='word_1_272' title='bbox 886 4003 1033 4096; x_wconf 72' lang='lat' dir='ltr'><em>origenis</em></span> <span class='ocrx_word' id='word_1_273' title='bbox 1056 4002 1165 4094; x_wconf 78' lang='grc' dir='ltr'><em>νννΙνννν</em></span> <span class='ocrx_word' id='word_1_274' title='bbox 1192 4007 1399 4102; x_wconf 74' lang='lat' dir='ltr'><em>arripuerit,</em></span> 
     </span>
    </p>
   </div>
   <div class='ocr_carea' id='block_1_5' title="bbox 1266 4104 1348 4203">
    <p class='ocr_par' dir='ltr' id='par_1_5' title="bbox 1266 4104 1348 4203">
     <span class='ocr_line' id='line_1_36' title="bbox 1266 4104 1348 4203; baseline 0.012 -28"><span class='ocrx_word' id='word_1_275' title='bbox 1266 4104 1348 4203; x_wconf 77' lang='lat' dir='ltr'><em>quad</em></span> 
     </span>
    </p>
   </div>
   <div class='ocr_carea' id='block_1_6' title="bbox 0 0 1714 4692">
    <p class='ocr_par' dir='ltr' id='par_1_6' title="bbox 0 0 1714 4692">
     <span class='ocr_line' id='line_1_37' title="bbox 0 0 1714 4692; baseline 0 5"><span class='ocrx_word' id='word_1_276' title='bbox 0 0 1714 4692; x_wconf 95' lang='lat' dir='ltr'><em> </em></span> 
     </span>
    </p>
   </div>
  </div>
 </body>
</html>
