3417 4692
295 323 1189 495 “epau-''⁰0Rl'GEle¹

356 573 451 648 quae
470 552 729 650 contingebant
747 555 928 648 antiquis,
952 554 999 640 ¹in
1020 521 1134 653 iiqura
1158 555 1225 630 illis
1245 554 1432 651 continge-

369 655 484 736 bant,
513 654 720 744 videamus,
743 675 790 728 ne
817 654 917 728 sorte
940 653 1062 747 Loth,
1090 656 1250 746 quinon
1275 655 1432 748 respexit

368 752 452 852 post
463 752 519 846 se,
535 754 756 827 rationabilis
768 755 809 827 fit
826 750 964 849 sensus,
981 755 1014 826 d
1031 757 1166 828 animus
1183 755 1312 847 virilis,
1333 771 1429 827 uxor

368 867 490 930 eutem
511 854 571 927 hic
588 854 702 926 carnis
719 854 906 950 imaginem
920 867 1062 931 teneat.
1113 855 1208 927 Caro
1237 854 1288 928 est
1312 856 1431 950 enim,

368 968 447 1048 quae
466 951 610 1048 respicit
626 950 761 1047 semper
774 954 818 1027 ad
837 955 946 1048 vitio,
973 973 1070 1047 quae,
1096 975 1176 1040 cum
1194 957 1329 1029 animus
1349 970 1431 1028 ten·

244 1093 247 1114 ·
368 1054 422 1130 dit
437 1053 661 1147 adsalutem,
686 1054 746 1127 illa
760 1051 953 1130 retrorsum
974 1053 1137 1150 respicit,
1164 1055 1428 1147 &voluptates

365 1154 528 1249 requirit.
579 1151 667 1227 lnde
692 1152 845 1246 denique
865 1153 1098 1230 &Dominus
1125 1155 1286 1229 dicebat:
1323 1159 1430 1228 Nemo

366 1259 499 1327 mittens
524 1277 654 1326 manum
674 1241 765 1343 susem
790 1256 831 1325 ad
855 1270 1020 1341 aratrum,
1053 1252 1093 1331 (Ἰ
1128 1273 1213 1327 retro
1239 1261 1428 1352 respiciens,

365 1371 460 1452 aptus
476 1355 516 1453 cst
533 1378 624 1449 regno
647 1359 723 1432 Dei.
775 1352 825 1426 Et
846 1354 961 1429 addit:
988 1358 1183 1427 Mementote
1199 1363 1306 1426 uxoris
1326 1358 1428 1431 Loth.

367 1455 482 1554 Quod
502 1448 620 1529 autem'
635 1450 677 1527 fit
692 1451 893 1529 staticulum
911 1453 1009 1551 salis,
1034 1455 1240 1554 insipientie
1253 1458 1327 1548 ejus
1341 1455 1430 1530 indi·

359 1558 461 1628 cium
487 1554 629 1629 videtur
654 1553 865 1648 expositum.
917 1556 975 1628 Sal
999 1555 1094 1629 enim
1116 1556 1313 1648 prudentie
1336 1558 1427 1629 loco

363 1656 539 1754 ponitur,
566 1675 643 1745 quae
665 1655 698 1729 ei
716 1655 842 1729 defuit.
892 1653 1077 1728 Pertendit
1094 1676 1182 1751 ergo
1198 1655 1297 1730 Loth
1312 1655 1350 1728 in
1366 1654 1430 1728 Se·

364 1775 456 1851 gor,
488 1754 608 1846 ibique
633 1756 813 1848 paulisper
836 1752 995 1852 collediis
1014 1755 1176 1848 viribus,
1202 1757 1340 1847 quasin
1361 1755 1429 1827 So-

363 1853 481 1928 domis
506 1855 637 1927 habere
658 1875 734 1928 non
757 1855 921 1948 potuit,
943 1854 1100 1928 ascendit
1117 1855 1155 1927 in
1175 1861 1364 1944 montem,
1391 1856 1428 1928 dc

309 2033 313 2044 ,
361 1953 413 2028 ibi
433 1954 611 2026 habitavit
629 1950 751 2049 (sicuti
767 1950 940 2047 scriptura
957 1952 1066 2051 dicit)
1085 1951 1178 2049 ipse,
1205 1953 1332 2029 &duee
1346 1952 1428 2027 filiae

362 2053 441 2145 ejus
463 2073 544 2126 cum
562 2073 621 2129 eo.

440 2173 472 2243 3.
499 2151 583 2226 Poll
607 2153 683 2226 hcc
705 2154 776 2244 jam
799 2150 955 2225 refertur
971 2150 1031 2223 illa
1051 2150 1426 2248 famofissimasabula,

360 2251 399 2326 in
420 2273 490 2344 qua
507 2250 672 2325 scribitur
685 2249 775 2324 filias
789 2252 864 2346 ejus
880 2264 955 2323 arte
969 2249 1102 2324 foratas
1119 2255 1353 2327 concubitum
1365 2275 1426 2346 pa·

359 2355 437 2428 tris.
463 2347 505 2424 ln
526 2372 599 2443 quo
617 2348 761 2441 nescio,
788 2352 910 2450 srquis'
920 2351 1039 2444 potest
1052 2349 1220 2425 excusare
1241 2353 1291 2425 ita
1305 2354 1422 2446 Loth,

359 2467 404 2527 ut
424 2473 506 2526 eum
526 2454 716 2525 immunem
736 2451 843 2523 faciat
870 2473 889 2521 a
912 2463 1079 2546 peccato,
1129 2450 1261 2542 Neque
1287 2450 1425 2526 rursiam

358 2553 411 2627 it'c
428 2575 510 2627 eum
527 2549 762 2625 accusandum
779 2565 893 2644 puto,
920 2562 961 2620 ut
979 2565 1051 2623 tam
1067 2554 1186 2646 gravis
1201 2551 1323 2625 incesti
1344 2548 1425 2625 fieri

359 2654 490 2728 debeat
513 2671 609 2728 reus.
662 2649 750 2724 Non
773 2652 865 2724 enim
888 2650 1037 2723 invenio
1054 2671 1137 2723 eum
1156 2650 1353 2724 insidiatum
1375 2649 1424 2723 es·

249 2808 251 2810 .
358 2752 419 2846 se,
455 2767 516 2825 aut
534 2747 719 2825 violenter
741 2749 904 2843 eripuisse
925 2750 1131 2844 pudicitiam
1151 2748 1300 2825 filiarum
1313 2803 1328 2848 ,-
1362 2749 1423 2824 sed

356 2856 466 2952 magis
482 2852 620 2944 infidias
640 2848 797 2944 pallum,
825 2850 859 2921 da
881 2863 957 2920 arte
978 2849 1292 2943 circumscriptum.
1350 2848 1422 2923 Sed

355 2974 474 3043 neque
487 2950 623 3025 rursum
639 2950 909 3022 circumventus
932 2946 1050 3020 suisset
1068 2972 1087 3020 a
1106 2951 1260 3041 puellis,
1286 2949 1348 3024 nis1
1370 2951 1423 3022 in·

261 3079 266 3090 ¹
355 3053 484 3128 ebriari
501 3048 683 3149 potuisset.
734 3048 845 3120 Unde
860 3047 1006 3119 videtur
1025 3050 1109 3120 mihi
1126 3050 1163 3120 in
1179 3065 1282 3142 parte
1303 3052 1422 3142 culpa·

286 3198 306 3224 2
353 3152 456 3245 bilis,
488 3153 525 3224 in
548 3165 650 3244 parte
669 3145 878 3222 excusabilis
899 3147 1064 3221 inveniti.
1124 3145 1294 3221 Excusari
1322 3171 1421 3224 nam·

355 3273 426 3343 que
444 3249 585 3344 potest,
612 3248 747 3341 quoda
765 3245 1065 3340 concupiscentie
1083 3244 1115 3317 dr
1134 3250 1335 3342 voluptatis
1353 3249 1421 3324 cti·

351 3351 450 3426 mine
470 3350 559 3422 liber
577 3348 647 3438 est,
674 3350 707 3419 ot
727 3350 808 3439 quia
828 3367 947 3436 neque
965 3343 1040 3438 ipse
1063 3344 1216 3420 voluisse
1237 3351 1418 3446 arguitur,

351 3471 470 3540 neque
490 3449 699 3522 volentibus
715 3443 934 3520 consensisse.
985 3446 1153 3538 Subjecet
1171 3467 1264 3521 vero
1283 3451 1419 3543 culpe,

352 3549 452 3644 quod
467 3547 583 3642 decipi
595 3548 737 3642 potuit,
764 3548 862 3638 quod
878 3546 969 3617 vino
985 3546 1088 3619 nimis
1105 3545 1269 3639 indulsit,
1298 3548 1418 3621 &hoc

349 3669 429 3723 non
445 3649 576 3738 semel,
605 3646 662 3720 sed
684 3647 814 3719 iterum
833 3645 932 3720 fecit.
983 3643 1078 3718 Nam
1101 3644 1224 3739 &ipsa
1246 3646 1417 3735 scriptura

349 3750 436 3825 mihi
456 3747 602 3822 uidetur
626 3766 695 3842 pro
719 3765 765 3839 eo
786 3744 1056 3842 quodammodo
1077 3742 1304 3834 satisfacere,
1333 3749 1418 3818 cum

350 3847 456 3920 dicit:
483 3846 646 3933 Nesciebat
660 3851 760 3925 enim,
777 3869 847 3914 cum
865 3847 1017 3915 dormiret
1035 3850 1185 3931 cumeis,
1212 3837 1251 3916 si
1264 3868 1332 3912 cum
1340 3843 1418 3933 sur·

343 3964 442 4038 geret.
496 3945 554 4019 De
570 3942 1042 4033 filiabushocnondicitur,
1071 3961 1148 4033 quae
1158 3939 1321 4014 studio&
1337 3958 1416 4020 arte

346 4043 533 4141 decipiunt
549 4060 701 4140 patrem.
760 4044 827 4118 Ille
851 4057 972 4118 tumen
986 4043 1175 4132 ,intantum
1199 4039 1336 4136 sopitus
1364 4041 1418 4118 est

292 4105 334 4227 ,Ὗ
1255 4142 1365 4236 vino,
