3417 4692
420 349 994 436 comuturuuru‘ru
1019 349 1314 433 orursrrr.
1363 375 1413 452 4,.

300 591 302 598 ,
352 541 467 614 ecqua
483 520 626 594 tandem
639 520 676 592 in
691 517 898 615 sexagesima
912 515 1076 591 versetur
1090 515 1229 594 astrum.
1262 515 1414 592 Addunt

299 631 301 642 '
323 691 326 706 ,
349 642 467 715 vero,
486 622 637 712 quirem
654 618 864 714 expendunt
872 618 1304 716 accuratius,quoutmiu
1318 622 1414 702 illiue

349 721 568 818 sexagefimae
588 718 808 814 sexagesrma.
860 720 978 818 Quod¹
993 719 1087 794 idem
1107 720 1168 814 ipsr
1185 719 1223 792 in
1248 721 1413 818 quolibet
1464 773 1468 780 .

298 877 299 892 r
351 821 546 895 errantium
569 819 719 892 fiderum
742 818 944 892 faciendum
968 817 1037 891 elle
1062 819 1302 914 praecipiunt,
1336 839 1412 892 mu·

298 897 299 954 ¹
349 935 448 994 tuam
464 919 706 1016 ungulorum,
726 939 805 990 curn
822 918 885 1011 iis,
905 938 980 1010 quae
993 915 1066 1016 fixa
1082 931 1241 1012 vocant,
1268 940 1411 1014 compa·

349 1021 529 1093 rationem
549 1038 590 1090 ac
610 1015 805 1110 respedium
826 1016 1047 1114 vestigando.
1097 1018 1242 1093 Deinde
1259 1021 1358 1092 aiunt
1374 1021 1413 1094 in
1459 1095 1470 1116 ,

349 1118 426 1214 ipso
443 1137 589 1210 quoque
607 1115 786 1190 Orientali
803 1117 1041 1211 Horizonte,
1057 1137 1134 1191 nou
1155 1119 1349 1193 videndum
1364 1117 1413 1193 ei·

298 1245 302 1320 3
349 1219 381 1294 se
401 1219 540 1310 modo,
580 1239 739 1308 quaenam
770 1216 982 1296 duodecima
998 1238 1079 1311 part
1103 1218 1141 1291 in
1161 1241 1244 1298 eum
1262 1217 1410 1315 subeat,

298 1325 302 1462 p
350 1319 537 1394 sedetiam
565 1339 722 1409 quaeuam
738 1317 830 1392 illius
856 1318 1076 1392 duodecime
1098 1320 1295 1412 particula,
1323 1341 1413 1414 que.-

352 1440 419 1511 que
438 1419 542 1511 hujus
566 1416 798 1514 sexagesima,
825 1419 984 1510 primane
1002 1440 1046 1491 an
1064 1416 1227 1495 secunda.
1279 1422 1411 1520 Quem·

298 1539 300 1544 ·
352 1518 544 1591 admodum
573 1538 659 1612 ergo
684 1514 762 1614 fieri
785 1515 915 1610 possit,
947 1532 989 1590 ut
1015 1538 1096 1590 cum
1116 1516 1229 1612 hora,
1256 1519 1282 1593 fi
1305 1520 1410 1593 latius

298 1651 300 1662 v
352 1639 428 1691 rem
442 1617 610 1708 estimes,
631 1615 852 1689 duodecima
871 1619 980 1709 partis
996 1618 1176 1691 dimidium
1199 1618 1411 1711 compleote-

298 1737 301 1784 f
351 1732 434 1810 tur,
461 1716 706 1812 sexagefimam
724 1717 754 1787 is
780 1730 925 1807 teneat,
954 1720 1014 1808 qui
1036 1719 1206 1791 horarum
1226 1717 1409 1794 divifionit

299 1841 301 1848 ·
351 1818 549 1913 analogiam
566 1837 643 1888 non
663 1814 816 1889 teneat?
841 1815 1006 1910 Exempli
1026 1821 1158 1915 gratia,
1184 1817 1333 1896 noscere
1351 1821 1413 1911 qui

350 1921 511 2010 poterit,
539 1930 676 1990 certum
699 1916 794 1989 hunc
817 1917 1000 1992 hominem
1024 1918 1116 1992 hora
1137 1934 1283 2014 quarta,
1309 1935 1413 2014 parte

301 2027 305 2048 '
350 2019 450 2091 horae
466 2016 625 2108 dimidia,
654 2030 797 2108 quarta,
825 2014 973 2110 ottavo,
1001 2011 1267 2111 deci'masexta,
1289 2019 1412 2094 secun·

350 2115 392 2191 'da
409 2117 443 2189 δι
460 2115 634 2214 trigesrma
648 2128 770 2187 natum
789 2114 885 2188 effe?
917 2138 997 2189 nam
1014 2131 1165 2212 propter
1188 2119 1308 2211 horre,
1334 2141 1412 2195 nou

348 2219 497 2312 integrae
528 2216 666 2306 modo,
702 2212 760 2287 sed
786 2216 892 2288 etiam
913 2214 1070 2289 definitae
1098 2218 1202 2309 hujus
1232 2234 1410 2312 certaeque

349 2319 534 2411 particule
553 2315 837 2410 ignorationem,
863 2318 1053 2410 plurimum
1077 2316 1166 2409 saepe
1188 2320 1345 2413 volunt,
1372 2321 1410 2394 in

348 2439 390 2490 ea
417 2437 495 2509 quae
513 2411 771 2509 fignificantur,
798 2417 982 2489 varietatis
1005 2417 1174 2504 incidere.
1227 2416 1276 2500 Et
1288 2419 1333 2504 'in
1352 2440 1410 2516 ge-

347 2517 453 2606 minis
471 2516 632 2608 quidem,
658 2528 699 2585 ut
715 2515 859 2588 alterius
878 2531 978 2589 ortus
997 2518 1039 2588 ab
1057 2518 1195 2612 altero,
1221 2533 1409 2606 momento

348 2616 440 2710 saepe
461 2615 570 2708 unu,
582 2613 787 2708 puntioque
802 2616 977 2710 temporis
993 2616 1198 2714 dirimatur,
1223 2620 1342 2691 multae
1360 2634 1409 2691 ta·

344 2737 433 2790 men
457 2711 654 2787 occurrunt
674 2728 746 2787 tarn
772 2712 911 2787 casuum
928 2745 947 2808 ,·
975 2737 1078 2806 quam
1100 2736 1218 2788 rerum
1244 2718 1410 2812 negotio·

347 2835 500 2905 rumque
518 2814 732 2901 varietates3
760 2814 908 2907 partim,
934 2829 976 2886 ut
990 2817 1052 2908 ipsr
1065 2818 1188 2908 aiunt,
1216 2816 1314 2910 quod
1332 2816 1409 2890 stel-

348 2916 464 2988 larum
485 2911 643 2986 diversus
673 2917 710 2984 in
734 2927 897 3004 utroque
914 2913 1090 3007 respedius
1114 2914 1244 3007 fuerit,
1282 2916 1410 3011 partim

348 3013 585 3106 quodminus
607 3022 739 3086 certam
761 3015 884 3105 illam,
921 3035 997 3106 quaa
1017 3018 1054 3090 in
1075 3016 1307 3102 horizontem
1336 3014 1410 3088 sub·

344 3117 447 3207 iret,
473 3115 581 3210 partis
599 3113 683 3210 signi
703 3112 924 3190 duodecime
964 3117 1188 3198 articulamii
1212 3118 1409 3209 terruerint,

353 3213 415 3307 qui
427 3211 651 3306 exploratam
669 3209 738 3285 sese
755 3213 880 3288 horam
891 3137 1046 3286 hafluilse
1060 3228 1288 3307 putaverant.
1314 3214 1410 3289 Nam

348 3315 425 3388 hoc
452 3312 619 3405 quidem,
647 3333 725 3405 pars
748 3333 794 3385 ne
818 3313 917 3386 horae
941 3315 1138 3406 tricesima,
1161 3330 1263 3387 ortus
1283 3313 1409 3388 utrius·

350 3435 422 3506 que
433 3413 660 3486 intervallum
678 3412 858 3504 extiterit,
886 3412 1039 3488 statuere
1058 3437 1165 3489 nemo
1178 3412 1308 3508 potest.
1335 3414 1409 3488 Ve-

350 3533 431 3588 rum
446 3512 483 3585 id
499 3533 644 3605 quoque
659 3533 723 3606 per
742 3533 811 3586 nos
828 3513 1010 3606 habeant,
1034 3528 1077 3587 ut
1091 3516 1261 3608 exquisite
1280 3515 1410 3594 horum
1439 3519 1444 3536 ’

353 3627 480 3686 tenere
506 3613 647 3704 possint.
703 3610 833 3686 Fertur
859 3609 940 3686 sane
960 3615 1167 3709 theorema,
1195 3612 1437 3707 ostendent,

351 3713 540 3786 zodiacum
560 3712 756 3803 circulum,
783 3712 930 3805 perinde
946 3726 988 3784 ut
1004 3716 1190 3812 planetas,
1217 3713 1347 3789 deferri
1365 3711 1407 3787 ab

343 3810 483 3884 occasu
502 3811 538 3884 in
559 3825 708 3904 ortum,
742 3811 834 3886 intra
854 3826 997 3888 centum
1016 3835 1153 3918 annos,
1179 3815 1289 3923 'gradu
1311 3835 1408 3888 uno:

350 3914 411 4004 qui
431 3924 554 3984 mutua
576 3913 749 4008 longioris
767 3911 951 4008 progrediri
969 3919 1165 4013 temporis,
1200 3918 1237 3988 in
1262 3916 1409 4012 posrtio·

298 4025 299 4032 ‘
346 4033 434 4088 nem
454 4010 744 4086 duodecimarum
765 4014 921 4106 partium
942 4018 1128 4093 varietatis
1147 4020 1335 4114 plurimum
1355 4019 1409 4092 irr-

896 4134 899 4144 ·
1249 4117 1372 4195 lerata

298 2193 303 2250 l

299 2293 302 2320 l
