3417 4692
331 433 452 510 “uda
639 419 1111 510 'ORIG'ENIS

288 4157 331 4223 ἱ

381 611 508 666 narum
524 590 657 664 formas
672 588 807 662 lascivo
821 588 857 662 dr
869 587 1013 663 curioso
1034 591 1180 664 oberrat
1196 587 1356 683 cipedo,
1380 589 1446 665 iste

381 687 646 764 incircumcisus
666 685 717 762 est
733 690 861 766 oculis.
912 688 982 763 Sed
1005 689 1080 764 &ii
1098 691 1174 781 quis
1198 689 1269 784 est,
1294 691 1354 781 qui
1373 691 1449 764 sive

381 792 502 879 bibat,
529 789 604 864 five
620 788 834 884 manducet,
859 789 949 864 ficut
964 787 1164 883 Apostolus
1181 791 1372 882 praecepit,
1398 791 1442 862 ad

375 891 532 986 gloriam
550 889 621 984 Dei
641 889 833 964 manducat
855 888 890 961 dr
908 889 1027 982 bibit,
1058 888 1123 962 iste
1140 887 1366 962 circumcisus
1393 890 1444 964 est

378 988 494 1086 gustu.
547 987 656 1084 Cujus
677 1004 795 1062 autern
811 987 910 1062 Deus
928 1004 1056 1062 venter
1067 987 1139 1081 est,
1162 989 1442 1064 &suavitatibus

374 1091 471 1185 gulae
486 1081 667 1182 deservit,
692 1090 797 1181 hujus
817 1087 1100 1164 incircumcisum
1122 1089 1273 1162 dixerim
1295 1088 1445 1186 gustum.

250 1243 254 1254 ,
378 1187 418 1260 Si
437 1190 513 1279 quis
537 1187 664 1262 Christi
683 1189 835 1263 odorem
854 1191 991 1262 bonurn
1016 1188 1132 1282 capit,
1166 1187 1253 1262 &in
1273 1191 1444 1279 operibus

381 1289 632 1364 misericordie
657 1288 808 1364 odorem
832 1286 1016 1362 suavitatis
1041 1288 1216 1380 requirit,
1240 1289 1346 1380 hujus
1380 1291 1446 1360 cir-

382 1389 533 1462 cumcisa
548 1387 598 1462 est
614 1389 806 1483 odoratio.¹
848 1390 922 1484 Qui
935 1407 1028 1461 vero
1043 1389 1163 1480 primis
1179 1387 1371 1484 unguentis
1385 1390 1444 1461 de-

377 1491 515 1564 dibutus
538 1489 699 1583 incedit,
733 1487 796 1562 istc
812 1486 1074 1562 incircumcisus
1096 1490 1253 1560 odoratu
1272 1487 1444 1562 dicendus

378 1586 445 1662 est.
472 1589 541 1660 Sed
558 1589 591 1661 &
607 1590 739 1683 fingula
763 1609 912 1680 queque
937 1589 1180 1662 membrorum
1204 1588 1230 1660 st
1252 1587 1290 1660 in
1318 1586 1444 1661 officiis

377 1688 631 1764 mandatorum
642 1689 713 1762 Dei
729 1687 951 1780 deserviant,
970 1684 1175 1760 circumcisa
1190 1685 1339 1759 dicenda
1352 1685 1444 1763 sunt.
1471 1752 1474 1756 ,

378 1788 419 1866 Si
437 1808 531 1860 vero.
542 1791 634 1860 ultra
643 1785 863 1882 praescriptas
877 1788 939 1860 srbi
954 1785 1126 1862 divinitus
1139 1788 1321 1860 luxuriant
1330 1787 1443 1884 leges,

375 1886 626 1963 incircumcisa
641 1889 839 1981 reputanda
850 1885 948 1978 ¹sunt.
973 1885 1025 1960 Et
1036 1888 1110 1960 hoc
1123 1900 1214 1978 puto
1235 1883 1323 1978 eise,
1344 1887 1445 1978 quod

376 1984 582 2078 -Apostoius
607 1987 717 2062 dicit:
759 1988 847 2061 Suus
872 1992 955 2058 enim
982 1987 1163 2082 exhibuistis
1184 1986 1319 2058 membra
1342 1987 1446 2085 vestra

374 2087 503 2175 seruire
521 2091 694 2182 iniquitati
710 2089 751 2158 ad
773 2093 1001 2184 iniquitatem,
1027 2093 1075 2158 ito
1090 2111 1178 2157 nunc
1195 2088 1336 2156 exhibete
1351 2113 1447 2158 mem-

377 2187 437 2256 bro
449 2186 551 2272 veflro
564 2188 692 2274 servire
705 2185 838 2283 justitia
853 2198 891 2256 iu
900 2186 1194 2278 scrufiificationem.
1246 2183 1337 2260 Cum
1350 2190 1445 2266 enirn

376 2284 561 2374 iniquitati
585 2284 760 2360 servirent
780 2286 940 2360 membra
966 2287 1113 2378 vestra,
1150 2301 1349 2360 nouerant
1378 2291 1447 2360 cir-

379 2383 553 2476 eumcisa,
579 2405 648 2459 nec
667 2401 744 2459 etat
758 2386 796 2458 in
813 2388 863 2458 eis
880 2383 1127 2460 testamentum
1142 2386 1223 2461 Dei.
1276 2384 1367 2458 Cum
1382 2411 1446 2460 ve·

379 2504 426 2558 ro
441 2484 614 2577 coeperint
628 2482 761 2559 servire
775 2485 917 2578 justitiae
939 2488 976 2558 in
996 2484 1336 2578 sanctificationem,
1362 2509 1446 2582 pro·

376 2584 521 2674 mittio,
549 2606 626 2674 quae
646 2585 690 2658 ad
709 2583 889 2659 Abraham
912 2584 1003 2657 facia
1026 2585 1105 2677 est,
1136 2586 1305 2679 impletur
1321 2589 1359 2664 in
1380 2589 1444 2664 eis.

281 2685 286 2692 ’
381 2681 491 2758 Tunc
510 2686 604 2757 enim
620 2686 680 2762 lex
698 2683 795 2778 Dei,
820 2685 1119 2760 &testamentum
1133 2687 1211 2776 ejus
1232 2687 1387 2780 {ignatut
1408 2689 1446 2762 in

381 2784 445 2859 eis.
497 2781 546 2856 Et
559 2785 633 2858 hoc
649 2783 700 2858 est
720 2805 808 2858 vere
826 2785 958 2880 signum
973 2782 1077 2876 fidei,
1105 2784 1203 2877 quod
1219 2784 1315 2858 inter
1326 2784 1447 2861 Deum

382 2881 417 2956 u
435 2883 617 2958 hominem
632 2886 756 2957 aeterni
773 2884 914 2958 soederis
930 2889 1095 2957 continet
1112 2882 1261 2980 padum.
1307 2883 1376 2960 lsta
1393 2886 1445 2962 est

376 2983 625 3077 circumcide,
645 3003 722 3078 quae
734 2985 884 3076 petr-inis
901 2984 1081 3058 machaeris
1099 2982 1289 3078 perJesum
1300 2990 1442 3080 populo

375 3079 451 3158 Dei
470 3083 551 3156 data
573 3082 634 3159 est.
693 3086 784 3182 Quae
805 3081 857 3156 est
876 3098 994 3158 autern
1018 3085 1191 3158 machaera
1211 3085 1375 3177 petrina,
1408 3087 1444 3158 dc

379 3183 440 3276 qui
456 3183 614 3278 gladius,
638 3203 711 3275 quo
729 3181 953 3258 circumcisus
969 3182 1021 3258 est
1035 3187 1192 3278 populus
1214 3184 1316 3264 Dei?
1343 3187 1440 3258 Audi

380 3279 600 3372 Apostolum
619 3283 820 3358 dicentem:
853 3289 957 3356 Vivus
976 3293 1061 3355 euim
1079 3285 1118 3380 esi
1136 3289 1201 3358 Dei
1209 3287 1309 3373 sermo
1321 3287 1359 3361 du
1372 3284 1444 3375 effi·

374 3405 456 3465 eux,
482 3380 522 3457 d
534 3385 660 3454 aratur
678 3390 766 3455 omni
777 3384 880 3477 gladio
897 3388 1050 3484 utrinque
1066 3403 1177 3474 acuto,
1197 3392 1378 3482 pertingam
1393 3412 1445 3455 ur-

374 3505 439 3580 que
459 3483 500 3551 od
513 3482 692 3579 diviſsonem
713 3491 826 3556 mima
841 3485 1044 3582 suspiritus,
1069 3507 1239 3584 compagum
1262 3511 1380 3585 quoque
1404 3486 1445 3562 (θ’

379 3581 605 3655 merudarum:
638 3582 677 3662 U
701 3584 741 3682 ιβ
761 3586 909 3672 discretor
929 3590 1150 3679 cogitationum
1169 3587 1208 3664 ὅ
1224 3591 1444 3658 imenrronurn

375 3684 489 3753 cordis.
517 3681 586 3756 Iste
599 3703 689 3780 ergo
709 3681 759 3758 est
775 3684 933 3779 gladius,
954 3707 1027 3779 quo
1046 3687 1250 3762 circumcidi
1260 3687 1442 3779 jubemur,
1481 3735 1484 3740 ·

374 3781 425 3858 de
447 3803 521 3878 quo
545 3782 633 3857 dicit
649 3782 749 3880 Jesus
773 3785 973 3858 Dominus:
1000 3790 1079 3860 Mn
1100 3794 1179 3859 veni
1192 3808 1297 3884 pacem
1317 3797 1444 3860 mrum

375 3885 418 3952 in
438 3899 573 3969 terram,
597 3881 646 3970 [ed
656 3883 805 3978 gladium.
857 3884 949 3958 Nou
968 3886 1034 3960 tibi
1050 3886 1194 3964 videtur
1209 3887 1351 3986 dignior
1367 3889 1441 3960 haec

378 3979 448 4054 effe
458 3983 692 4079 circumcisio,
707 3982 745 4056 iu
759 4005 827 4076 qua
845 3983 1093 4060 testamentum
1102 3985 1173 4061 Dei
1183 3987 1313 4062 debeat
1326 3990 1442 4060 colio·

371 4080 480 4158 ceri?
506 4081 670 4190 Confer,
690 4083 894 4220 fipltcet,
905 4086 982 4168 lraec
1002 4085 1125 4168 notua
1142 4108 1224 4170 curu
1238 4087 1441 4262 ''effi-,lm
