3417 4692
481 361 548 441 lN
573 355 854 438 GENESIM
878 355 1161 435 HOMILIA
1185 353 1214 437 1.
1310 379 1378 454 141

316 533 422 606 tione
437 523 808 616 discernerepoffimus
825 545 843 594 a
858 522 975 614 bon0‚
993 523 1091 613 quod
1103 525 1231 596 malum
1248 520 1314 596 est:
1341 523 1379 600 id

317 631 392 720 est,
419 641 462 700 ut
481 631 522 699 'ea
540 647 617 716 quae
636 623 738 716 super
754 637 886 696 terram
902 638 1053 716 repunt,
1080 623 1289 696 &terrenas
1310 621 1377 698 sol·

315 727 521 804 licitudines
546 738 703 820 gerunt,
744 721 943 814 separemus
965 743 984 793 a
1003 722 1138 810 nobis3
1173 724 1233 796 illa
1263 743 1377 816 vere,

319 850 397 922 quae
420 826 569 899 meliora
592 822 697 916 sunt,
727 823 762 894 id
785 821 835 895 est
859 822 1044 913 volatilia,
1079 821 1226 896 smamua
1249 827 1377 898 volare

318 949 394 1004 non
417 924 529 998 solum
548 923 649 1016 super
668 937 821 1014 terram,
857 919 915 993 sed
933 922 1037 994 etiam
1055 918 1242 996 seeundum
1263 917 1378 998 firma·

317 1042 480 1106 mentum
499 1026 595 1115 coelia
624 1020 745 1111 idest,
771 1035 812 1092 ut
825 1019 958 1096 sensum
975 1020 1009 1092 δι
1027 1022 1205 1094 rationem
1221 1038 1293 1094 tam
1306 1037 1378 1096 ter·

317 1145 492 1200 renorum
510 1143 614 1213 quam
634 1120 823 1194 coelestium
845 1117 1099 1215 pertrasiemus
1119 1121 1156 1193 in
1177 1123 1309 1214 nobis,
1334 1137 1378 1199 ut

317 1226 519 1318 intelligere
537 1241 681 1314 quoque
696 1220 882 1318 possimus,
909 1238 986 1311 quae
1000 1219 1067 1292 smt
1087 1222 1124 1292 in
1138 1220 1244 1292 nobis
1266 1223 1379 1300 noxia

319 1349 365 1399 ex
386 1323 606 1416 repentibus.
658 1319 694 1393 si
718 1319 910 1392 viderimus
938 1318 1120 1394 mulierem
1142 1319 1185 1392 ad
1207 1321 1378 1414 concupi·

319 1423 488 1499 scendum
506 1442 601 1511 eam,
628 1419 714 1491 illud
737 1417 788 1491 est
810 1419 847 1489 in
869 1419 975 1490 nobis
997 1421 1127 1513 reptile
1147 1433 1376 1500 venenatum.

271 1531 274 1540 ’
320 1525 356 1596 Si
369 1542 464 1595 vero
476 1520 564 1593 sitin
582 1520 687 1593 nobis
702 1516 901 1591 sobrietatis
922 1514 1058 1611 sensus,
1085 1519 1215 1592 etiamst
1231 1519 1378 1598 domina

321 1621 495 1718 AEgyptia
519 1641 587 1691 nos
615 1617 852 1709 adamaverit,
881 1613 1049 1712 efficimur
1075 1637 1185 1709 aves,
1212 1618 1246 1692 u
1269 1623 1376 1696 relio-

321 1735 472 1814 quentes
487 1717 660 1814 AEgyptia
676 1716 886 1790 vestimenta
899 1715 936 1788 in
953 1719 1113 1791 manibus
1127 1717 1223 1809 ejus,
1249 1741 1295 1808 ex
1309 1721 1375 1794 ob·

320 1821 447 1896 scoenis
463 1818 590 1892 insidiis
616 1817 850 1890 evolabimus.
902 1815 938 1888 Si
960 1813 1003 1890 fit
1016 1817 1053 1889 in
1069 1819 1175 1892 uobis
1197 1814 1313 1892 sensus
1332 1819 1378 1896 ad

319 1909 512 1995 'furandum
525 1939 593 1990 nos
613 1920 843 2009 prov'ocans‚
867 1914 959 1988 istud
972 1915 1022 1990 est
1035 1917 1164 2010 reptile
1182 1918 1375 2010 pessimum.

321 2019 357 2094 Si
374 2039 466 2092 vero
481 2017 523 2090 s1t
535 2018 571 2088 in
585 2015 688 2089 nobis
709 2013 847 2106 sensus,
875 2029 916 2086 ut
931 2016 1061 2090 etiamsr
1079 2018 1153 2090 duo
1170 2018 1304 2094 minuta
1315 2021 1377 2094 ha·
1469 2077 1472 2082 -

321 2121 489 2207 beamus,
515 2118 590 2188 haec
611 2112 682 2208 ipsa
702 2136 770 2208 pro
787 2112 1028 2189 misericordia
1049 2115 1242 2190 offeramus
1260 2122 1294 2191 in
1311 2119 1377 2194 do·
1417 2183 1421 2190 .

320 2239 367 2293 ua
393 2217 482 2306 Dei,
508 2214 571 2288 iste
592 2211 705 2287 sensus
728 2215 805 2286 avis
827 2212 904 2307 est,
939 2215 1025 2287 nibil
1045 2215 1089 2289 de
1108 2218 1259 2290 terrenis
1276 2219 1375 2315 cogi·

320 2331 428 2406 tans,
461 2316 520 2389 sed
539 2314 581 2386 ad
601 2310 862 2387 firmamentum
892 2314 971 2387 coeli
1002 2315 1184 2389 volatibus
1209 2320 1374 2403 tendens.
1437 2395 1450 2404 ,

321 2415 357 2492 si
373 2415 499 2488 veniat
509 2415 615 2486 nobis
632 2411 746 2486 sensus
756 2411 966 2507 persuadens
976 2415 1080 2488 nobis
1095 2417 1272 2488 cruciatus
1287 2440 1376 2492 mar.

320 2515 407 2610 tyrii
424 2534 493 2586 nos
518 2534 593 2586 non
612 2512 742 2586 debere
763 2514 941 2603 tolerare,
968 2513 1058 2586 istud
1080 2515 1149 2585 erit
1164 2518 1292 2607 reptile
1311 2539 1375 2592 ve-
1419 2597 1421 2601 ,

322 2629 504 2690 nonatum.
554 2612 590 2683 Si
607 2633 698 2684 vero
714 2611 878 2684 ascendat
892 2612 999 2684 nobis
1018 2610 1133 2685 sensus
1153 2613 1375 2710 &cogitatio

322 2715 428 2808 talis,
461 2709 632 2802 utusque
653 2709 696 2784 ad
719 2725 875 2784 mortem
900 2731 967 2802 pro
998 2711 1151 2784 veritate
1177 2729 1376 2810 certemus,

322 2815 400 2887 avis
430 2812 625 2902 erithace,
659 2832 678 2883 a
704 2809 855 2883 terrenis
884 2810 927 2882 ad
948 2809 1095 2902 superna
1119 2807 1375 2896 conscendens.

322 2913 490 2986 Similiter
512 2911 616 2982 etiam
634 2909 678 2982 de
699 2912 834 2986 caetetis
852 2910 914 2982 vel
932 2924 1163 3002 peccatorum
1186 2914 1246 2984 vel
1264 2915 1377 2990 virtu·

322 3025 399 3086 tum
415 3010 596 3104 speciebus
611 3007 828 3082 sentiendum
846 3007 915 3097 est,
944 3008 1271 3104 &discemendum‚
1299 3037 1376 3107 quo

321 3111 391 3186 sint
415 3112 600 3202 repentia,
627 3108 661 3181 δι
683 3131 759 3201 quae
777 3109 845 3180 srnt
866 3108 1050 3203 volatilia,
1077 3132 1154 3202 quae
1173 3114 1375 3204 producere

322 3213 368 3284 ad
393 3208 643 3283 discretionem
667 3209 704 3282 in
730 3206 922 3302 conspeetu
944 3209 1017 3283 Dei
1049 3231 1147 3302 aquae
1170 3211 1300 3288 nolba
1320 3214 1376 3309 ju.

320 3311 467 3386 bentur.

398 3431 431 3506 9.
459 3407 594 3500 Etfecit
616 3414 701 3488 Deus
718 3424 959 3503 ratumagum,
984 3409 1024 3488 U
1041 3437 1158 3484 omnem
1170 3419 1311 3488 animam
1328 3442 1375 3491 re.

315 3526 463 3610 patrum
483 3509 686 3596 animalium,
712 3534 777 3606 qua
799 3514 978 3581 eduxerunt
993 3538 1079 3609 aqua
1090 3514 1259 3601 secundum
1276 3541 1374 3610 genus

313 3610 431 3703 suum,
457 3609 494 3684 U
516 3633 604 3678 omne
624 3609 755 3680 volatile
771 3629 946 3704 pennatum
967 3612 1133 3697 secundum
1151 3639 1250 3707 genus
1266 3614 1372 3703 fuum.

321 3703 372 3782 Et
389 3707 434 3782 de
449 3709 502 3782 his
525 3708 702 3800 similitor,
728 3721 770 3779 ut
789 3710 833 3782 de
855 3709 947 3801 illis,
975 3732 1051 3802 quae
1075 3711 1175 3806 supra
1195 3715 1373 3811 diximus,

321 3805 543 3883 sentiendum
558 3805 627 3897 est,
654 3808 750 3899 quod
766 3809 967 3900 producere
982 3811 1172 3886 debeamus
1191 3815 1296 3887 etiam
1317 3836 1374 3902 ce·

321 3922 383 4008 tos
400 3928 568 4004 magnos,
594 3907 791 3981 &animam
814 3909 1016 4002 repentium
1039 3910 1229 3986 secundum
1249 3935 1374 4009 genus.

320 4005 364 4086 ln
378 4011 512 4107 maguis
530 4006 601 4084 istis
619 4007 708 4084 cetis
727 4008 851 4105 impias
875 4009 1136 4109 cogitationes,
1148 4012 1196 4086 ,δι
1215 4014 1374 4094 nefarios

488 4155 490 4160 ·
1088 4178 1092 4206 ,
1168 4132 1341 4208 quosque
