3417 4692
1357 285 1366 320 Ι
1453 325 1456 331 .

435 460 503 540 nu
529 437 1118 588 uuuusriunoururr
1141 454 1209 533 vr.
1286 393 1357 534 401

298 627 392 702 citur
409 646 430 699 a
446 624 532 698 Deo
547 624 590 700 ad
606 622 806 698 Abraham:
841 626 957 711 Omnia
975 644 1159 723 quecunque
1175 621 1292 694 dixerit
1308 611 1372 695 ri·-¹

297 728 331 799 bi
345 732 447 811 Sara,
462 741 465 748 ·
478 728 555 797 audi
574 748 676 796 vocem
697 729 775 822 ejus.
826 722 939 824 Quod
961 725 1085 816 utique
1111 723 1148 796 in
1171 721 1354 816 corporali

298 826 470 921 coniugio
494 845 571 898 non
598 824 785 898 convenit.
835 821 980 899 uiuum
999 823 1051 898 est
1078 824 1239 915 quippe,
1272 841 1354 898 cum

297 927 470 999 diuinitus
487 927 628 1030 prolata
641 925 684 999 fit
697 920 961 1017 illusententiu,
987 944 1065 1017 quae
1079 923 1165 996 dicit
1179 922 1221 996 ad
1232 923 1355 997 mulie-

296 1046 374 1099 rem
393 1027 437 1099 de
453 1029 535 1096 viro
554 1026 606 1095 Ar
620 1025 720 1119 ipsum
736 1023 889 1119 conuerfio
906 1038 984 1109 tua,
1009 1023 1049 1101 U
1066 1021 1129 1119 ipse
1150 1031 1199 1094 rui
1214 1025 1370 1096 dominu·-

299 1126 400 1197 bitur.
450 1122 488 1196 Si
511 1143 599 1221 ergo
628 1123 806 1198 Dominus
833 1121 903 1197 ess'e
926 1122 1056 1197 dicitur
1079 1121 1137 1193 uir
1170 1123 1356 1218 mulieris,

301 1226 488 1319 quomodo
518 1227 759 1322 ergo'iterum
787 1223 966 1299 diceretur
993 1223 1203 1315 advirum,
1240 1228 1358 1295 Omnia
1424 1265 1427 1270 -

300 1348 497 1423 quacumque
520 1327 639 1394 dixerit
665 1324 725 1396 rebe·
746 1326 854 1410 Sura,
880 1327 957 1395 audi
977 1347 1088 1396 uocem·
1101 1317 1195 1423 ejus?
1212 1320 1256 1416 ‘Si
1280 1321 1359 1415 quit

301 1445 390 1519 ergo
409 1423 533 1496 ascivit
551 1423 612 1497 srbi
632 1424 669 1497 in
690 1425 896 1522 conjugium
917 1425 1119 1516 uirtutem,
1153 1421 1272 1496 audiat
1292 1442 1372 1517 νο..
1409 1447 1422 1466 r

301 1545 381 1596 cem
394 1524 469 1615 ejus
485 1525 523 1594 in
541 1526 730 1616 omnibus,
749 1524 932 1616 inquibus
951 1524 1134 1598 confilium
1155 1522 1297 1596 dederit
1314 1522 1360 1598 ei.
1450 1577 1452 1582 ,

301 1622 415 1717 Igitur
433 1622 613 1696 Abraham
633 1644 709 1697 non
723 1623 805 1696 vult
817 1623 890 1718 jam
903 1623 1077 1702 ¹virtutem
1098 1642 1250 1694 uxorem
1266 1620 1362 1698 suum

304 1722 386 1796 dici.
437 1720 569 1796 Donec
595 1723 688 1799 enim
705 1742 801 1798 uxor
826 1723 1023 1817 appellatur
1041 1722 1181 1812 virtus,
1214 1722 1363 1814 propria

304 1820 377 1914 est,
403 1818 437 1892 dt
463 1842 543 1896 cum
564 1825 665 1895 nullo
684 1821 888 1916 participari
908 1820 1038 1916 potest.
1088 1820 1139 1894 Et
1157 1819 1208 1894 est
1229 1841 1366 1894 conve·

305 1923 436 2013 niens,
463 1934 505 1994 ut
524 1921 643 1995 donec
662 1921 706 1994 ud
723 1920 919 2019 perfeetum
942 1923 1151 2014 veniamus,
1178 1922 1272 1995 intra
1293 1939 1363 1993 nor
1424 1938 1426 1942 ’

303 2021 348 2100 s1t
363 2021 466 2094 animi
486 2022 622 2115 virtus,
649 2021 846 2117 &propriu
861 2023 914 2098 s1t.
965 2020 1055 2096 Cum
1074 2039 1167 2095 vero
1187 2019 1230 2093 ad
1248 2018 1365 2116 perfe-

306 2120 400 2195 &um
418 2123 644 2215 venerimus,
669 2122 774 2196 itaut
788 2122 913 2195 idonei
926 2121 1029 2197 sunus
1044 2120 1078 2196 δι
1097 2122 1185 2194 alios
1202 2120 1364 2214 docere,

305 2221 482 2311 tuncjam
506 2222 701 2314 uirtutem,
737 2242 815 2296 non
838 2234 879 2296 ut
904 2242 1058 2298 uxorem
1076 2221 1170 2294 intra
1194 2219 1367 2315 gremium

266 2351 269 2358 ¹
307 2320 586 2414 concludamus,
612 2319 671 2394 sed
689 2333 731 2394 ut
750 2318 910 2396 sororem
927 2322 1042 2397 etianu
1059 2320 1133 2394 aliis
1155 2320 1366 2393 volentibus

307 2420 530 2511 cbpuiemus.
580 2418 641 2494 Ad
654 2422 722 2494 hos
739 2419 906 2514 denique,
922 2422 982 2513 qui
998 2418 1260 2515 perterritum,
1277 2418 1367 2494 dicit

288 2517 421 2598 *sermo
441 2519 599 2594 divinus:
651 2523 716 2592 Dic
724 2519 916 2615 firpimriam
930 2519 1066 2610 sororem
1084 2537 1172 2591 ruam
1193 2517 1256 2612 effi.
1307 2515 1368 2590 Se·

308 2618 464 2692 cundum
484 2618 557 2694 hoc
576 2619 683 2715 igitur
703 2618 883 2693 Abraham
902 2618 1022 2691 Sarum
1041 2619 1182 2693 dicebat
1205 2616 1369 2692 sororem

244 2734 248 2740 ’
309 2717 405 2793 suam
432 2716 512 2793 effe.
561 2717 742 2792 Permittit
763 2738 851 2815 ergo
881 2719 1065 2814 quati-jam
1084 2713 1290 2816 persedus,
1326 2724 1371 2792 ut
1433 2726 1468 2760 ·’

311 2819 371 2910 qui
390 2822 491 2910 vult,
520 2819 648 2892 habeat
668 2817 853 2894 virtutem.

389 2940 420 2996 2.
446 2919 579 2991 Voluit
609 2932 727 2991 tamen
754 2916 945 3010 aliquando
972 2914 1171 2990 &Pharao
1204 2915 1372 3008 accipere

276 3013 453 3110 '·Sara1n‚
487 3018 644 3092 sednon
671 3017 709 3088 in
729 3017 866 3089 mundo
891 3016 1003 3089 corde
1029 3017 1171 3110 uoluit,
1197 3015 1371 3088 &virtut

312 3118 374 3191 nisi
389 3139 469 3190 cum
481 3117 600 3190 cordis
615 3116 786 3198 munditia
797 3138 874 3191 non
891 3114 1011 3222 potest
1024 3116 1235 3191 convenire.
1261 3113 1374 3206 Prop-

311 3228 411 3289 terea
424 3237 511 3315 ergu
528 3215 700 3310 scriptura
715 3216 846 3310 refert,
873 3219 954 3310 quia
969 3213 1093 3305 afflixit
1115 3221 1273 3288 Dominus
1290 3212 1375 3285 Pbo-
1402 3261 1405 3272 ·

278 3349 281 3356 ·
315 3343 440 3387 raonem
460 3314 689 3407 afflifflonibus
704 3322 823 3411 mugnis
840 3314 880 3394 (J
901 3311 1046 3413 pelfimir.
1097 3314 1180 3388 Nec
1198 3314 1292 3389 enim
1307 3319 1375 3407 'po-

312 3431 408 3489 terat
424 3437 503 3489 cum
524 3416 804 3489 exterminatore
820 3413 915 3509 (hoc
944 3417 1037 3489 enim
1057 3417 1314 3509 interpretatur
1337 3411 1378 3488 in

315 3518 435 3611 lingua
460 3515 581 3589 nostra
607 3513 767 3611 Pharao)
796 3517 911 3588 virtus
936 3516 1108 3590 habitare.
1160 3509 1377 3587 Abimelech

316 3616 511 3707 veroquid
535 3615 664 3688 dixerit
687 3614 730 3686 ad
751 3615 948 3689 Dominum
970 3615 1166 3689 videamus.
1222 3609 1274 3687 Tu
1300 3614 1379 3695 (cis,

316 3716 454 3807 inquit,
484 3720 643 3797 Domine,
669 3720 744 3811 quia
763 3715 906 3796 intrude
921 3716 1034 3785 mundo
1048 3715 1115 3807 feci
1131 3716 1198 3785 luc.
1249 3711 1379 3803 Longe

318 3817 419 3887 aliter
448 3816 520 3909 agit
544 3812 758 3887 Abimelech
784 3812 848 3886 iste
874 3834 978 3904 quam
1008 3813 1159 3891 Pharao.
1210 3810 1301 3883 Non
1329 3805 1381 3879 est

317 3917 368 3989 ita
384 3917 566 4007 imperitus
586 3914 619 3986 δι
636 3911 821 4006 sordidus,
846 3910 906 3985 sed
924 3910 1010 4006 scit,
1030 3917 1111 4006 quia
1128 3932 1193 3985 cor
1208 3908 1382 3984 mundum

271 4085 275 4092 .
321 4015 431 4087 debet
447 4033 641 4105 praeparare
659 4012 796 4087 virtuti.
849 4009 897 4106 Et
914 4013 995 4103 quia
1012 4032 1105 4105 puro
1130 4011 1242 4084 corde
1260 4006 1383 4080 voluit

320 4112 493 4220 urscipere
506 4115 708 4216 virtutem,
726 4112 865 4189 idcireo
885 4131 971 4187 eum
983 4110 1092 4189 Beue
1107 4110 1214 4188 iuuat
1228 4164 1246 4206 .,
1262 4117 1403 4177 uirtute
1424 4153 1429 4159 -

847 4213 940 4325 Ns
1293 4216 1376 4296 um
1461 4227 1475 4350 4
