3417 4692
512 399 578 475 nu
605 395 888 472 cnunsnn
910 395 1190 475 noninin
1213 397 1242 478 1.
1266 377 1270 384 '
1337 421 1405 494 151

347 562 547 636 communis
572 560 632 635 est.
668 560 761 634 Nam
784 560 927 652 quando
948 557 1127 634 irascimur
1151 560 1195 634 ad
1211 559 1405 655 justitiam,

344 663 381 736 id
399 661 467 749 cst,
494 661 537 732 ad
556 659 1092 754 corrediionemdelinquentis,
1125 660 1159 734 &
1184 661 1405 736 emendatio·

344 783 427 835 nem
453 759 569 846 salutis
589 760 688 852 ejus,
719 759 785 834 isto
808 758 925 832 fruciu
950 775 1053 834 terrae
1081 761 1279 854 vescimur,
1303 763 1337 836 dc
1357 763 1404 835 ci·

344 862 410 934 bus
437 858 558 932 noster
578 859 759 932 iracundia
781 859 980 953 corporalis
1002 857 1180 953 efficitur,
1211 881 1276 956 per
1297 881 1403 952 quam

344 961 565 1051 reprimimus
588 972 801 1051 peccatum,
830 957 999 1050 justitiam
1023 979 1238 1052 reparamuS.
1285 958 1336 1034 Et
1355 983 1402 1036 ne

343 1059 409 1131 tibi
428 1061 611 1131 visantur
633 1060 708 1132 haec
725 1059 769 1132 de
790 1056 915 1130 nostro
931 1057 1053 1150 potius
1068 1055 1167 1131 sensu
1186 1111 1199 1150 ,
1235 1079 1337 1151 quam
1353 1059 1400 1134 de

345 1158 475 1230 divinae
512 1156 690 1249 scripturae
722 1157 934 1232 auctoritate
966 1157 1150 1250 proferre,
1175 1157 1251 1230 redi
1273 1161 1327 1230 'ad
1360 1160 1400 1232 li·

344 1259 449 1332 bruna
476 1257 739 1357 Numicium,
775 1256 809 1331 dc
833 1257 1046 1349 recordare,
1073 1257 1156 1348 quid
1182 1259 1296 1352 egerit
1321 1257 1400 1332 Phi·

343 1377 430 1430 nees
464 1357 658 1446 sacerdos,
695 1359 753 1448 qui
778 1378 860 1434 cum
880 1357 1120 1430 Madianiticae
1148 1357 1263 1452 gentis
1285 1378 1399 1430 mere-

341 1458 469 1536 tricem
511 1477 591 1528 cum
622 1456 776 1530 Israelita
808 1458 890 1532 viro
922 1453 984 1530 sub
1011 1457 1125 1528 oculis
1146 1457 1306 1530 omnium
1334 1456 1400 1530 im·

343 1557 442 1648 puris
482 1553 622 1629 vidiffet
665 1558 835 1632 inhaerere
874 1557 1143 1648 complexibus,
1180 1557 1233 1632 ira
1269 1555 1398 1628 divina

342 1655 575 1728 emulationis
593 1657 779 1747 impletus,
808 1669 987 1748 arreptum
1006 1655 1162 1752 gladium
1178 1674 1243 1748 per
1267 1657 1398 1727 utrius·

342 1775 412 1845 que
434 1754 555 1848 pedius
583 1755 712 1850 exegit.
764 1753 876 1854 Quod
903 1775 994 1846 opus
1019 1766 1223 1851 reputatum
1248 1752 1299 1831 est
1319 1755 1351 1827 ei
1376 1775 1397 1828 a

341 1851 428 1925 Deo
453 1853 496 1926 ad
516 1852 710 1949 justitiam,
736 1854 879 1928 dicente
898 1853 1085 1930 Domino:
1121 1853 1255 1928 Phineas
1272 1854 1397 1935 sedavit

334 1953 482 2047 furorem
501 1977 625 2046 meum,
646 1956 695 2052 U
718 1956 918 2049 reputabitur
936 1959 967 2025 ei
986 1957 1027 2026 ad
1037 1955 1205 2048 juflitiam.
1256 1951 1322 2028 Iste
1340 1971 1394 2024 er·

339 2073 388 2148 go
406 2055 507 2124 cibus
527 2053 588 2126 irae
608 2067 769 2130 terrenus
795 2052 917 2131 noster
945 2049 989 2130 fit
1014 2055 1135 2150 cibus,
1172 2073 1254 2126 cum
1271 2074 1316 2125 eo
1341 2071 1395 2126 ra·

337 2153 559 2225 tionabiliter
582 2153 714 2226 utimur
737 2153 780 2230 ad
803 2152 981 2246 justitiam.
1033 2153 1068 2224 Si
1090 2172 1184 2225 vero
1206 2152 1394 2226 irrationa-

337 2253 458 2324 biliter
480 2266 601 2346 agatur
617 2253 689 2346 ira,
717 2269 778 2328 aut
797 2254 1012 2330 innocentes
1032 2251 1176 2343 puniat,
1211 2263 1273 2330 aut
1289 2247 1395 2324 effer-

337 2349 462 2424 vescat
485 2354 520 2423 in
545 2373 637 2444 eos,
664 2354 723 2442 qui
745 2353 834 2430 nihil
860 2352 1093 2444 delinquunt,
1119 2350 1183 2424 iste
1199 2353 1299 2423 cibus
1323 2350 1393 2424 erit

336 2450 525 2524 bestiarum
552 2452 650 2545 agri,
677 2451 938 2546 &serpentum
970 2466 1095 2541 terrae,
1134 2450 1167 2524 dt
1198 2450 1392 2548 volucrum

338 2551 431 2624 coel-i.
489 2550 555 2623 His
577 2551 912 2628 etenimdaemones
943 2551 1149 2630 nutriuntur
1167 2549 1292 2643 cibis,
1330 2549 1392 2639 qui

336 2650 436 2724 maiis
462 2648 590 2722 nostris
619 2649 749 2722 actibus
776 2648 1024 2743 &pascuntur
1051 2648 1085 2721 δι
1110 2647 1268 2726 favent..
1296 2645 1392 2721 Indi·

336 2750 431 2822 cium
454 2770 605 2839 namque
628 2749 678 2824 est
698 2751 800 2840 hujus
828 2748 947 2840 operis
972 2747 1087 2838 Cain,
1131 2747 1190 2836 qui
1218 2750 1390 2822 innocen·

336 2861 412 2922 tem
435 2848 580 2922 fratrem
597 2850 647 2920 ira
664 2849 806 2940 decepit
822 2848 976 2926 invidiae.
1019 2845 1195 2922 Similiter
1216 2849 1322 2924 etiam
1345 2847 1389 2920 de

337 2946 651 3040 concupiscentia,¹
675 2948 717 3020 dt
749 2949 793 3022 de
817 2947 957 3046 singulis
991 2944 1233 3038 hujuscemodi
1259 2945 1390 3018 affecti-

337 3049 405 3120 bus
431 3045 649 3122 sentiendum
672 3048 731 3123 est.
784 3047 874 3124 Cum
895 3047 989 3120 enim
1012 3042 1233 3137 concupiscit
1252 3044 1285 3116 dt
1304 3041 1389 3117 defi·

336 3148 389 3219 cit
409 3148 523 3220 anima
543 3145 663 3222 nostra
686 3149 729 3222 ad
750 3147 869 3222 Deum
897 3147 1045 3238 vivum,
1075 3143 1196 3220 noster
1213 3145 1312 3230 cibus
1337 3141 1388 3216 est

334 3244 636 3338 concupiscentia.
690 3245 779 3320 Cum
808 3261 926 3320 autem
949 3247 1010 3317 vel
1032 3247 1180 3318 alienam
1204 3243 1388 3316 mulierem
1418 3321 1422 3330 ,

336 3345 380 3420 ad
396 3345 719 3438 concupiscendum
737 3347 921 3438 videmus,
948 3346 1009 3432 vel
1026 3344 1160 3436 aliquid.
1172 3364 1290 3422 rerum
1298 3363 1387 3435 pro·

333 3447 418 3520 nimi
442 3444 751 3538 concupiscimus,
781 3445 934 3522 bestialis
961 3445 1060 3550 cinus
1081 3442 1230 3528 efficitur
1252 3463 1386 3515 concu-

361 3545 368 3559 '
408 3549 514 3619 entia.
564 3544 663 3630 Sicut¹
688 3550 854 3639 exemplo
880 3543 1000 3639 potest
1033 3541 1102 3617 effe
1128 3537 1385 3636 concupiscen-

435 3646 550 3737 chab‚
576 3641 755 3718 &fanum
772 3646 916 3740 chabel
937 3643 982 3718 de
1002 3644 1108 3719 vinea
1129 3641 1311 3728 Nabuthui
1329 3640 1386 3732 Je-

332 3746 497 3820 zraelitae.
550 3738 1383 3837 Observandasaneestsaudiaescripturaeetium

333 3844 371 3916 in
391 3847 585 3918 verborum
609 3845 751 3920 ratione
776 3844 935 3937 cautela,
968 3864 1044 3934 quae
1061 3863 1141 3916 cuin
1161 3841 1206 3914 de
1231 3837 1385 3928 humini-

334 3943 401 4018 bus
421 3941 581 4038 dixisset,
607 3944 688 4036 quia
701 3945 790 4030 dixit
802 3943 927 4036 Deu8,
953 3943 1113 4014 Eccadcdt'
1132 3939 1220 4016 vodis
1237 3961 1325 4018 omne
1335 3938 1385 4026 se-

334 4067 406 4124 nten
413 4046 566 4134 Jemmau
579 4045 657 4143 quud
673 4045 710 4146 efl
717 4046 811 4144 supet
822 4059 946 4222 leffium,
953 4093 969 4134 ‚
991 4039 1030 4120 (ὅ
1044 4065 1131 4114 omne
1146 4044 1283 4134 tigrum,
1304 4039 1385 4234 9ζό

526 4165 528 4170 .
918 4165 946 4237 4
1310 4161 1325 4204 c
