3417 4692
360 376 435 452 ,εει
684 327 1097 434 o‘nronnrs

359 539 441 600 rum
456 515 551 594 Isaeo
567 513 639 610 est,
660 517 726 609 >qui
742 517 779 592 in
797 517 896 590 omni
910 530 1006 592 terre
1019 515 1166 592 fodiunt
1177 531 1311 614 puteos
1326 539 1426 612 aque

360 621 484 710 viiie,
510 614 639 709 idest,
665 617 764 691 omni
786 617 910 691 animae
932 617 1083 692 verbum
1109 619 1179 692 Del
1203 620 1425 713 loquuntur,

361 717 616 812 &inveniunt
641 712 804 792 frustum.
863 714 1030 809 Denique
1054 715 1111 790 vis
1141 717 1293 806 videre,
1331 740 1425 792 unus

360 835 452 914 puer
474 811 595 906 isaac,
633 831 786 907 quantos
809 827 942 910 puteos
966 816 1004 888 in
1029 833 1126 890 terra
1150 818 1427 914 alienigenarum

360 913 525 996 foderit?
549 913 647 988 Vide
663 913 831 1008 Paulum,
857 915 917 1006 qui
938 915 982 988 ab
999 913 1220 1010 Hierusalem
1246 919 1281 990 in
1300 919 1425 990 circui·

361 1029 406 1094 tu
420 1013 528 1106 usque
545 1014 589 1087 ad
602 1015 786 1112 illyricum¹
797 1016 953 1107 replevit
969 1013 1204 1112 Evangelium
1220 1015 1304 1090 Dei.
1354 1014 1425 1089 Sed

390 1136 428 1188 er
442 1112 596 1210 singulos
614 1113 701 1186 istos
718 1127 848 1206 puteos
867 1110 1136 1206 persecutiones
1151 1113 1264 1208 pallus
1282 1113 1334 1188 est
1349 1115 1428 1188 Phi·

359 1136 573 1312 sisinnum.
623 1209 722 1284 Audi
737 1208 849 1310 ipsum
865 1211 1067 1288 dicentem:
1094 1217 1230 1308 Quanta
1244 1217 1327 1317 milri
1347 1221 1426 1286 aecl-
1475 1285 1478 1292 ,

362 1317 479 1406 ilerum
498 1317 597 1386 Iconii
612 1313 748 1404 Lpllrls,
760 1327 893 1404 quanta
901 1314 938 1386 in
948 1309 1120 1406 Epheso?
1147 1315 1303 1410 Quoties
1317 1311 1425 1386 cesus

363 1413 399 1498 ὰ
415 1413 557 1506 quoties
573 1411 747 1506 lapidatur
761 1409 838 1486 elil
853 1411 1010 1504 ¹quoties
1024 1413 1200 1512 pugnavit
1215 1413 1260 1486 ad
1275 1413 1424 1503 bestias;

361 1511 422 1609 sed
438 1511 625 1604 permansit
640 1509 824 1606 usquequo
844 1512 960 1586 exiret
974 1510 1018 1586 nd
1031 1513 1276 1606 latitudinem,
1302 1512 1425 1606 idest,

363 1607 548 1704 usquequo
566 1611 605 1684 in
624 1609 738 1690 totius
752 1628 858 1686 terrae
870 1611 1059 1706 latitudine
1074 1605 1250 1686 Ecclesiae
1267 1613 1426 1686 colloca-

361 1725 431 1806 ret
481 1709 540 1784 Sic
562 1729 651 1808 ergo
671 1711 798 1808 putei,
825 1731 917 1802 quos
941 1707 1037 1783 fodit
1061 1705 1262 1803 Abraham,
1287 1711 1324 1784 id
1350 1709 1423 1806 est,

333 1841 337 1852 ·
361 1809 545 1904 scripturn
561 1811 696 1884 veteris
711 1807 933 1903 testamenti,
959 1809 1087 1903 repleti
1101 1805 1182 1882 sunt
1199 1824 1297 1886 terra
1311 1833 1331 1885 o
1345 1808 1425 1884 Phi·

361 1907 512 2008 listinis‚
536 1907 647 1984 livea
666 1911 765 1984 malis
787 1907 1037 2002 Dolioribns,
1069 1905 1222 2001 Scribis,
1250 1911 1284 1984 δι
1307 1909 1426 1982 Phari-

360 2009 462 2108 seis,¹
481 2009 555 2106 five
571 2007 677 2082 etiam
694 2005 901 2082 adversariis
917 2007 1173 2102 potestatibus:
1199 2008 1426 2083 &obturate

361 2105 445 2204 sunt
461 2127 588 2182 eorum
610 2127 736 2201 venae,
765 2127 813 2180 ne
840 2120 968 2202 potum
988 2107 1170 2200 prebeant
1192 2107 1268 2201 his,
1302 2108 1362 2200 qui
1381 2131 1426 2182 ex

362 2205 547 2294 ¹Abraham
564 2204 654 2282 sunt
705 2203 903 2283 Nonenim
917 2207 1072 2300 populus
1086 2207 1148 2280 ille
1164 2208 1289 2282 bibere
1304 2205 1426 2302 potest

363 2305 410 2384 de
433 2303 644 2398 scripturis,
683 2301 742 2378 sed
768 2305 858 2380 sitim
884 2305 1017 2400 patitur
1041 2304 1146 2380 verbi
1167 2306 1267 2397 Dei,
1305 2305 1425 2380 donec

362 2407 489 2480 veniat
498 2401 615 2498 Isaac,
641 2403 677 2477 ἀ
694 2405 831 2500 aperiat
847 2427 932 2498 eas,
947 2421 990 2480 ut
1006 2405 1131 2478 bibant
1140 2406 1241 2498 pueri
1250 2405 1311 2481 sui.
1338 2405 1427 2480 Gra-

362 2505 415 2602 tia
431 2523 518 2603 ergo
537 2501 615 2582 lilio
634 2500 789 2590 Abrrlrae
814 2501 981 2604 Christo,
1006 2502 1053 2585 de
1074 2524 1148 2598 quo
1167 2504 1333 2600 scriptum
1355 2504 1424 2580 est:

407 2607 466 2676 'ber
487 2607 704 2700 generationis
727 2605 809 2700 Jesu
831 2603 949 2702 Cluifll
965 2605 1038 2696 fisn'
1058 2611 1198 2701 David,
1222 2607 1293 2700 fille
1321 2609 1428 2677 Abro-

448 2758 461 2794 ‚
484 2704 548 2797 qui
565 2703 665 2778 venit
678 2701 715 2776 ὰ
731 2703 871 2798 aperuit
883 2703 990 2781 nobis
1004 2715 1153 2806 puteos.
1202 2702 1303 2804 Ipsos
1330 2704 1427 2778 enim

364 2803 653 2902 aperiebatillin,
679 2801 739 2896 qui
751 2801 939 2878 dicebam:
966 2807 1297 2906 Mooeeorrnslrnm
1311 2810 1425 2878 ardens

361 2920 435 2992 erat
451 2911 490 2976 in
502 2895 613 2989 nalo,
636 2923 703 2972 cum
716 2907 853 3002 aperiret
869 2903 959 2976 nobis
966 2897 1167 3004 scripturas?
1192 2901 1351 2998 Aperuit
1370 2923 1425 2976 er·

363 3025 416 3106 go
436 3015 593 3099 puteos,
622 2999 661 3080 ss
678 3006 808 3074 mavit
829 3025 898 3096 eos,
922 3001 1066 3103 inquit,
1083 3003 1166 3100 ficar
1186 3019 1358 3076 vocaverat
1377 3027 1426 3084 eos

362 3105 526 3198 Abraham
557 3102 762 3200 peterfius.
823 3099 915 3178 Non
946 3101 1045 3180 enirn
1072 3103 1281 3178 immutavit
1315 3123 1428 3176 voca·

362 3205 450 3290 bula
476 3215 680 3298 puteorum.
730 3199 780 3276 Et
802 3199 854 3276 est
878 3201 1006 3276 mirum
1026 3199 1126 3300 quod
1147 3201 1297 3296 Moyses
1321 3204 1427 3276 etiarn

364 3301 460 3396 ppud
483 3321 552 3376 nos
572 3297 722 3394 Moyses
748 3302 967 3401 appellatur,
993 3301 1233 3396 &Prophetae
1249 3299 1427 3394 unusquis·

364 3421 436 3496 que
452 3397 516 3474 suo
531 3400 681 3476 nomine
699 3401 935 3495 appellantur.
985 3399 1076 3476 Non
1096 3401 1190 3474 enim
1213 3397 1371 3474 Christus
1388 3401 1427 3475 in

363 3499 417 3578 eis
437 3500 610 3596 nomina,
646 3496 705 3574 sed
726 3500 998 3598 intelligentiam
1017 3501 1268 3574 commutavit.
1317 3497 1428 3576 Com·

362 3597 530 3690 mutavit
582 3611 701 3674 autern
718 3597 840 3694 ineo,
863 3612 907 3672 ut
916 3600 988 3694 jnrn
1002 3600 1096 3674 ultra
1109 3620 1185 3674 non
1203 3597 1427 3674 attendemus

363 3699 521 3817 Judaicis
541 3697 697 3794 sabulis,
724 3699 993 3798 &genealogiis
1009 3695 1181 3800 infinitio,
1207 3699 1290 3792 quia
1302 3725 1324 3772 a
1338 3706 1426 3778 nerle

364 3818 435 3890 tote
448 3801 573 3898 quidem
591 3805 736 3872 liuditum
752 3817 934 3887 avertam,
969 3801 1010 3876 al
1018 3800 1152 3893 sabulos
1169 3815 1273 3871 autem
1291 3823 1428 3872 emper.

365 3917 496 3978 rentur.
547 3895 703 3995 Aperuit
731 3917 819 3996 ergo
844 3909 1011 3994 puteos,
1043 3899 1079 3973 lle
1102 3897 1235 3974 *doerit
1263 3918 1359 3991 nor,
1386 3911 1428 3976 ut

364 3998 497 4088 nonin
517 3999 639 4098 uiuo
662 3999 750 4090 loro
775 4017 971 4102 unm
988 3995 1136 4102 uuo,
1166 3997 1232 4092 led
1255 3995 1424 4194 sssff'
