<?xml version="1.0" encoding="UTF-8"?>
<!DOCTYPE html PUBLIC "-//W3C//DTD XHTML 1.0 Transitional//EN"
    "http://www.w3.org/TR/xhtml1/DTD/xhtml1-transitional.dtd">
<html xmlns="http://www.w3.org/1999/xhtml" xml:lang="en" lang="en">
 <head>
  <title>
</title>
<meta http-equiv="Content-Type" content="text/html;charset=utf-8" />
  <meta name='ocr-system' content='tesseract 3.04.00' />
  <meta name='ocr-capabilities' content='ocr_page ocr_carea ocr_par ocr_line ocrx_word'/>
</head>
<body>
  <div class='ocr_page' id='page_1' title='image "./operaomniasanct02unkngoog/operaomniasanct02unkngoog_0417.png"; bbox 0 0 3417 4692; ppageno 0'>
   <div class='ocr_carea' id='block_1_1' title="bbox 348 337 1407 494">
    <p class='ocr_par' dir='ltr' id='par_1_1' title="bbox 348 337 1407 494">
     <span class='ocr_line' id='line_1_1' title="bbox 348 337 1407 494; baseline 0.051 -52"><span class='ocrx_word' id='word_1_1' title='bbox 348 401 504 458; x_wconf 68' lang='grc'><strong>,«,</strong></span> <span class='ocrx_word' id='word_1_2' title='bbox 620 337 1141 474; x_wconf 73' lang='lat' dir='ltr'><strong>rurxouum</strong></span> <span class='ocrx_word' id='word_1_3' title='bbox 1219 483 1221 488; x_wconf 78' lang='grc'><em>,</em></span> <span class='ocrx_word' id='word_1_4' title='bbox 1324 408 1407 494; x_wconf 66' lang='lat' dir='ltr'><strong>cos-</strong></span> 
     </span>
    </p>
   </div>
   <div class='ocr_carea' id='block_1_2' title="bbox 310 544 1430 4025">
    <p class='ocr_par' dir='ltr' id='par_1_2' title="bbox 310 544 1420 2529">
     <span class='ocr_line' id='line_1_2' title="bbox 343 544 1410 640; baseline -0.006 -18"><span class='ocrx_word' id='word_1_5' title='bbox 343 566 499 639; x_wconf 86' lang='lat' dir='ltr'><strong>omnes,</strong></span> <span class='ocrx_word' id='word_1_6' title='bbox 522 547 586 640; x_wconf 69' lang='lat' dir='ltr'><strong>,qui</strong></span> <span class='ocrx_word' id='word_1_7' title='bbox 611 545 656 620; x_wconf 90' lang='lat' dir='ltr'><strong>de</strong></span> <span class='ocrx_word' id='word_1_8' title='bbox 678 547 928 639; x_wconf 82' lang='lat' dir='ltr'><strong>hujuscemodi</strong></span> <span class='ocrx_word' id='word_1_9' title='bbox 951 544 1057 620; x_wconf 87' lang='lat' dir='ltr'><strong>censu</strong></span> <span class='ocrx_word' id='word_1_10' title='bbox 1077 545 1155 640; x_wconf 75' lang='lat' dir='ltr'><strong>eiua</strong></span> <span class='ocrx_word' id='word_1_11' title='bbox 1176 548 1410 638; x_wconf 74' lang='lat' dir='ltr'><strong>quantulum..</strong></span> 
     </span>
     <span class='ocr_line' id='line_1_3' title="bbox 343 645 1403 744; baseline 0.006 -26"><span class='ocrx_word' id='word_1_12' title='bbox 343 667 496 737; x_wconf 89' lang='lat' dir='ltr'><strong>cumque</strong></span> <span class='ocrx_word' id='word_1_13' title='bbox 518 645 745 738; x_wconf 82' lang='lat' dir='ltr'><strong>susceperint.</strong></span> <span class='ocrx_word' id='word_1_14' title='bbox 795 647 936 732; x_wconf 86' lang='lat' dir='ltr'><strong>Verum</strong></span> <span class='ocrx_word' id='word_1_15' title='bbox 956 667 1026 744; x_wconf 92' lang='lat' dir='ltr'><strong>ego</strong></span> <span class='ocrx_word' id='word_1_16' title='bbox 1047 666 1205 739; x_wconf 86' lang='lat' dir='ltr'><strong>vereor,</strong></span> <span class='ocrx_word' id='word_1_17' title='bbox 1230 647 1403 724; x_wconf 84' lang='lat' dir='ltr'><strong>ucetiam</strong></span> 
     </span>
     <span class='ocr_line' id='line_1_4' title="bbox 344 746 1411 838; baseline -0.001 -19"><span class='ocrx_word' id='word_1_18' title='bbox 344 747 483 837; x_wconf 91' lang='lat' dir='ltr'><strong>aliquos</strong></span> <span class='ocrx_word' id='word_1_19' title='bbox 500 746 544 818; x_wconf 91' lang='lat' dir='ltr'><strong>de</strong></span> <span class='ocrx_word' id='word_1_20' title='bbox 559 746 792 838; x_wconf 82' lang='lat' dir='ltr'><strong>adstantibus,</strong></span> <span class='ocrx_word' id='word_1_21' title='bbox 809 765 902 838; x_wconf 80' lang='lat' dir='ltr'><strong>quos</strong></span> <span class='ocrx_word' id='word_1_22' title='bbox 915 747 1114 838; x_wconf 84' lang='lat' dir='ltr'><strong>noscimus,</strong></span> <span class='ocrx_word' id='word_1_23' title='bbox 1132 746 1296 820; x_wconf 86' lang='lat' dir='ltr'><strong>diabolus</strong></span> <span class='ocrx_word' id='word_1_24' title='bbox 1308 766 1411 819; x_wconf 69' lang='lat' dir='ltr'><strong>men.</strong></span> 
     </span>
     <span class='ocr_line' id='line_1_5' title="bbox 346 845 1404 938; baseline 0 -18"><span class='ocrx_word' id='word_1_25' title='bbox 346 862 449 920; x_wconf 89' lang='lat' dir='ltr'><strong>cetur</strong></span> <span class='ocrx_word' id='word_1_26' title='bbox 465 848 632 938; x_wconf 82' lang='lat' dir='ltr'>occulte,</span> <span class='ocrx_word' id='word_1_27' title='bbox 656 867 702 918; x_wconf 88' lang='lat' dir='ltr'><strong>ne</strong></span> <span class='ocrx_word' id='word_1_28' title='bbox 715 848 821 920; x_wconf 85' lang='lat' dir='ltr'><strong>etiarn</strong></span> <span class='ocrx_word' id='word_1_29' title='bbox 835 846 1009 937; x_wconf 80' lang='lat' dir='ltr'><strong>aliquibus</strong></span> <span class='ocrx_word' id='word_1_30' title='bbox 1019 845 1224 920; x_wconf 88' lang='lat' dir='ltr'><strong>nostrorum</strong></span> <span class='ocrx_word' id='word_1_31' title='bbox 1237 849 1329 919; x_wconf 91' lang='lat' dir='ltr'><strong>hanc</strong></span> <span class='ocrx_word' id='word_1_32' title='bbox 1340 867 1404 938; x_wconf 87' lang='lat' dir='ltr'><strong>pc·</strong></span> 
     </span>
     <span class='ocr_line' id='line_1_6' title="bbox 344 939 1403 1042; baseline 0.001 -25"><span class='ocrx_word' id='word_1_33' title='bbox 344 945 506 1037; x_wconf 88' lang='lat' dir='ltr'><strong>cuniam,</strong></span> <span class='ocrx_word' id='word_1_34' title='bbox 532 939 759 1037; x_wconf 87' lang='lat' dir='ltr'><strong>quamsupra</strong></span> <span class='ocrx_word' id='word_1_35' title='bbox 780 947 1091 1039; x_wconf 83' lang='lat' dir='ltr'><strong>enumeravimus,</strong></span> <span class='ocrx_word' id='word_1_36' title='bbox 1117 947 1276 1042; x_wconf 82' lang='lat' dir='ltr'><strong>ingerat,</strong></span> <span class='ocrx_word' id='word_1_37' title='bbox 1302 945 1403 1018; x_wconf 83' lang='lat' dir='ltr'><strong>&amp;sa-</strong></span> 
     </span>
     <span class='ocr_line' id='line_1_7' title="bbox 344 1041 1403 1139; baseline 0 -23"><span class='ocrx_word' id='word_1_38' title='bbox 344 1045 417 1116; x_wconf 88' lang='lat' dir='ltr'><strong>ciat</strong></span> <span class='ocrx_word' id='word_1_39' title='bbox 431 1045 512 1117; x_wconf 87' lang='lat' dir='ltr'><strong>illos</strong></span> <span class='ocrx_word' id='word_1_40' title='bbox 528 1045 663 1118; x_wconf 91' lang='lat' dir='ltr'><strong>rursum</strong></span> <span class='ocrx_word' id='word_1_41' title='bbox 684 1042 789 1136; x_wconf 86' lang='lat' dir='ltr'><strong>suos,</strong></span> <span class='ocrx_word' id='word_1_42' title='bbox 816 1044 1002 1118; x_wconf 88' lang='lat' dir='ltr'><strong>&amp;rursum</strong></span> <span class='ocrx_word' id='word_1_43' title='bbox 1021 1046 1157 1139; x_wconf 86' lang='lat' dir='ltr'><strong>procis</strong></span> <span class='ocrx_word' id='word_1_44' title='bbox 1176 1045 1314 1118; x_wconf 85' lang='lat' dir='ltr'><strong>tabulas</strong></span> <span class='ocrx_word' id='word_1_45' title='bbox 1334 1041 1403 1116; x_wconf 88' lang='lat' dir='ltr'><strong>ser·</strong></span> 
     </span>
     <span class='ocr_line' id='line_1_8' title="bbox 343 1144 1404 1241; baseline 0.001 -26"><span class='ocrx_word' id='word_1_46' title='bbox 343 1145 492 1235; x_wconf 84' lang='lat' dir='ltr'><strong>vitutis,</strong></span> <span class='ocrx_word' id='word_1_47' title='bbox 518 1145 552 1216; x_wconf 83' lang='lat' dir='ltr'><strong>dt</strong></span> <span class='ocrx_word' id='word_1_48' title='bbox 573 1146 713 1237; x_wconf 89' lang='lat' dir='ltr'><strong>peccati</strong></span> <span class='ocrx_word' id='word_1_49' title='bbox 731 1145 1006 1241; x_wconf 83' lang='lat' dir='ltr'><strong>chirographum</strong></span> <span class='ocrx_word' id='word_1_50' title='bbox 1021 1144 1172 1237; x_wconf 89' lang='lat' dir='ltr'><strong>scribat,</strong></span> <span class='ocrx_word' id='word_1_51' title='bbox 1212 1160 1318 1234; x_wconf 84' lang='lat' dir='ltr'><strong>atque</strong></span> <span class='ocrx_word' id='word_1_52' title='bbox 1339 1146 1404 1216; x_wconf 90' lang='lat' dir='ltr'><strong>im·</strong></span> 
     </span>
     <span class='ocr_line' id='line_1_9' title="bbox 342 1239 1404 1338; baseline -0.004 -20"><span class='ocrx_word' id='word_1_53' title='bbox 342 1241 487 1318; x_wconf 88' lang='lat' dir='ltr'><strong>misceat</strong></span> <span class='ocrx_word' id='word_1_54' title='bbox 500 1239 609 1315; x_wconf 90' lang='lat' dir='ltr'><strong>servis</strong></span> <span class='ocrx_word' id='word_1_55' title='bbox 623 1243 695 1314; x_wconf 86' lang='lat' dir='ltr'><strong>Dei</strong></span> <span class='ocrx_word' id='word_1_56' title='bbox 712 1264 798 1337; x_wconf 88' lang='lat' dir='ltr'><strong>cos,</strong></span> <span class='ocrx_word' id='word_1_57' title='bbox 825 1266 917 1335; x_wconf 89' lang='lat' dir='ltr'><strong>quos</strong></span> <span class='ocrx_word' id='word_1_58' title='bbox 930 1247 1069 1338; x_wconf 87' lang='lat' dir='ltr'><strong>peccati</strong></span> <span class='ocrx_word' id='word_1_59' title='bbox 1086 1244 1205 1337; x_wconf 88' lang='lat' dir='ltr'><strong>pretio</strong></span> <span class='ocrx_word' id='word_1_60' title='bbox 1223 1243 1284 1317; x_wconf 85' lang='lat' dir='ltr'><strong>srbi</strong></span> <span class='ocrx_word' id='word_1_61' title='bbox 1306 1241 1404 1316; x_wconf 89' lang='lat' dir='ltr'><strong>fece·</strong></span> 
     </span>
     <span class='ocr_line' id='line_1_10' title="bbox 343 1339 1409 1436; baseline 0.002 -24"><span class='ocrx_word' id='word_1_62' title='bbox 343 1344 394 1412; x_wconf 88' lang='lat' dir='ltr'><strong>rit</strong></span> <span class='ocrx_word' id='word_1_63' title='bbox 409 1340 543 1415; x_wconf 88' lang='lat' dir='ltr'><strong>servos.</strong></span> <span class='ocrx_word' id='word_1_64' title='bbox 585 1344 689 1415; x_wconf 87' lang='lat' dir='ltr'><strong>Solet</strong></span> <span class='ocrx_word' id='word_1_65' title='bbox 704 1343 819 1434; x_wconf 90' lang='lat' dir='ltr'><strong>enim,</strong></span> <span class='ocrx_word' id='word_1_66' title='bbox 845 1348 927 1436; x_wconf 88' lang='lat' dir='ltr'><strong>quia</strong></span> <span class='ocrx_word' id='word_1_67' title='bbox 941 1346 1103 1426; x_wconf 88' lang='lat' dir='ltr'><strong>inimicus</strong></span> <span class='ocrx_word' id='word_1_68' title='bbox 1119 1344 1233 1418; x_wconf 91' lang='lat' dir='ltr'><strong>homo</strong></span> <span class='ocrx_word' id='word_1_69' title='bbox 1247 1341 1317 1434; x_wconf 89' lang='lat' dir='ltr'><strong>est,</strong></span> <span class='ocrx_word' id='word_1_70' title='bbox 1340 1339 1409 1432; x_wconf 55' lang='lat' dir='ltr'><strong>tri?</strong></span> 
     </span>
     <span class='ocr_line' id='line_1_11' title="bbox 343 1437 1406 1535; baseline 0.001 -22"><span class='ocrx_word' id='word_1_71' title='bbox 343 1443 423 1513; x_wconf 89' lang='lat' dir='ltr'><strong>tico</strong></span> <span class='ocrx_word' id='word_1_72' title='bbox 437 1437 583 1514; x_wconf 88' lang='lat' dir='ltr'><strong>miscere</strong></span> <span class='ocrx_word' id='word_1_73' title='bbox 598 1441 745 1517; x_wconf 86' lang='lat' dir='ltr'><strong>zizania.</strong></span> <span class='ocrx_word' id='word_1_74' title='bbox 796 1441 845 1513; x_wconf 86' lang='lat' dir='ltr'><strong>Et</strong></span> <span class='ocrx_word' id='word_1_75' title='bbox 862 1446 1019 1519; x_wconf 81' lang='lat' dir='ltr'><strong>tamensi</strong></span> <span class='ocrx_word' id='word_1_76' title='bbox 1034 1443 1110 1535; x_wconf 89' lang='lat' dir='ltr'><strong>quis</strong></span> <span class='ocrx_word' id='word_1_77' title='bbox 1127 1442 1226 1516; x_wconf 88' lang='lat' dir='ltr'><strong>sorte</strong></span> <span class='ocrx_word' id='word_1_78' title='bbox 1239 1443 1406 1533; x_wconf 85' lang='lat' dir='ltr'><strong>hujusce·</strong></span> 
     </span>
     <span class='ocr_line' id='line_1_12' title="bbox 310 1537 1420 1636; baseline -0.005 -18"><span class='ocrx_word' id='word_1_79' title='bbox 310 1597 318 1618; x_wconf 52' lang='lat' dir='ltr'><strong>r</strong></span> <span class='ocrx_word' id='word_1_80' title='bbox 343 1541 445 1616; x_wconf 86' lang='lat' dir='ltr'><strong>modi</strong></span> <span class='ocrx_word' id='word_1_81' title='bbox 461 1539 646 1632; x_wconf 90' lang='lat' dir='ltr'><strong>pecuniam</strong></span> <span class='ocrx_word' id='word_1_82' title='bbox 668 1539 854 1614; x_wconf 86' lang='lat' dir='ltr'><strong>adiabolo</strong></span> <span class='ocrx_word' id='word_1_83' title='bbox 875 1542 1049 1634; x_wconf 85' lang='lat' dir='ltr'><strong>deceptus</strong></span> <span class='ocrx_word' id='word_1_84' title='bbox 1071 1544 1234 1636; x_wconf 88' lang='lat' dir='ltr'><strong>accepit,</strong></span> <span class='ocrx_word' id='word_1_85' title='bbox 1259 1537 1420 1614; x_wconf 78' lang='lat' dir='ltr'><strong>nonus·</strong></span> 
     </span>
     <span class='ocr_line' id='line_1_13' title="bbox 345 1638 1405 1742; baseline -0.002 -30"><span class='ocrx_word' id='word_1_86' title='bbox 345 1660 555 1731; x_wconf 87' lang='lat' dir='ltr'><strong>quequaque</strong></span> <span class='ocrx_word' id='word_1_87' title='bbox 574 1640 755 1731; x_wconf 85' lang='lat' dir='ltr'><strong>desperet:</strong></span> <span class='ocrx_word' id='word_1_88' title='bbox 781 1638 981 1714; x_wconf 85' lang='lat' dir='ltr'><strong>misericors</strong></span> <span class='ocrx_word' id='word_1_89' title='bbox 997 1644 1092 1742; x_wconf 81' lang='lat' dir='ltr'><strong>enirn</strong></span> <span class='ocrx_word' id='word_1_90' title='bbox 1106 1642 1202 1715; x_wconf 88' lang='lat' dir='ltr'><strong>est&amp;</strong></span> <span class='ocrx_word' id='word_1_91' title='bbox 1217 1640 1405 1714; x_wconf 80' lang='lat' dir='ltr'><strong>miserator</strong></span> 
     </span>
     <span class='ocr_line' id='line_1_14' title="bbox 343 1737 1406 1832; baseline -0.002 -21"><span class='ocrx_word' id='word_1_92' title='bbox 343 1737 547 1831; x_wconf 86' lang='lat' dir='ltr'><strong>Dominus,</strong></span> <span class='ocrx_word' id='word_1_93' title='bbox 572 1737 606 1812; x_wconf 83' lang='lat' dir='ltr'><strong>dr</strong></span> <span class='ocrx_word' id='word_1_94' title='bbox 623 1752 793 1812; x_wconf 87' lang='lat' dir='ltr'><strong>creaturae</strong></span> <span class='ocrx_word' id='word_1_95' title='bbox 808 1737 877 1813; x_wconf 88' lang='lat' dir='ltr'><strong>suae</strong></span> <span class='ocrx_word' id='word_1_96' title='bbox 894 1762 970 1814; x_wconf 89' lang='lat' dir='ltr'><strong>non</strong></span> <span class='ocrx_word' id='word_1_97' title='bbox 987 1745 1068 1814; x_wconf 91' lang='lat' dir='ltr'><strong>vult</strong></span> <span class='ocrx_word' id='word_1_98' title='bbox 1081 1755 1256 1832; x_wconf 88' lang='lat' dir='ltr'><strong>mortem,</strong></span> <span class='ocrx_word' id='word_1_99' title='bbox 1282 1738 1342 1813; x_wconf 88' lang='lat' dir='ltr'><strong>sed</strong></span> <span class='ocrx_word' id='word_1_100' title='bbox 1362 1749 1406 1810; x_wconf 89' lang='lat' dir='ltr'><strong>ut</strong></span> 
     </span>
     <span class='ocr_line' id='line_1_15' title="bbox 346 1837 1407 1931; baseline 0 -21"><span class='ocrx_word' id='word_1_101' title='bbox 346 1852 607 1928; x_wconf 89' lang='lat' dir='ltr'><strong>convertatur,</strong></span> <span class='ocrx_word' id='word_1_102' title='bbox 638 1841 673 1910; x_wconf 82' lang='lat' dir='ltr'><strong>dr</strong></span> <span class='ocrx_word' id='word_1_103' title='bbox 693 1842 806 1913; x_wconf 87' lang='lat' dir='ltr'><strong>vivat.</strong></span> <span class='ocrx_word' id='word_1_104' title='bbox 863 1839 1099 1931; x_wconf 86' lang='lat' dir='ltr'><strong>Poenitendo,</strong></span> <span class='ocrx_word' id='word_1_105' title='bbox 1133 1838 1279 1929; x_wconf 89' lang='lat' dir='ltr'><strong>flendo,</strong></span> <span class='ocrx_word' id='word_1_106' title='bbox 1310 1837 1407 1911; x_wconf 85' lang='lat' dir='ltr'><strong>satis·</strong></span> 
     </span>
     <span class='ocr_line' id='line_1_16' title="bbox 345 1937 1407 2029; baseline -0.002 -19"><span class='ocrx_word' id='word_1_107' title='bbox 345 1938 515 2018; x_wconf 84' lang='lat' dir='ltr'><strong>faciendo</strong></span> <span class='ocrx_word' id='word_1_108' title='bbox 529 1937 667 2029; x_wconf 81' lang='lat' dir='ltr'><strong>deleat,</strong></span> <span class='ocrx_word' id='word_1_109' title='bbox 694 1938 792 2029; x_wconf 93' lang='lat' dir='ltr'><strong>quod</strong></span> <span class='ocrx_word' id='word_1_110' title='bbox 805 1937 985 2014; x_wconf 81' lang='lat' dir='ltr'><strong>admissum</strong></span> <span class='ocrx_word' id='word_1_111' title='bbox 1001 1939 1061 2014; x_wconf 75' lang='lat' dir='ltr'><strong>esh</strong></span> <span class='ocrx_word' id='word_1_112' title='bbox 1094 1939 1195 2013; x_wconf 88' lang='lat' dir='ltr'><strong>Dicit</strong></span> <span class='ocrx_word' id='word_1_113' title='bbox 1209 1940 1303 2012; x_wconf 84' lang='lat' dir='ltr'><strong>enim</strong></span> <span class='ocrx_word' id='word_1_114' title='bbox 1318 1957 1407 2029; x_wconf 87' lang='lat' dir='ltr'><strong>pro·</strong></span> 
     </span>
     <span class='ocr_line' id='line_1_17' title="bbox 346 2036 1406 2133; baseline -0.002 -23"><span class='ocrx_word' id='word_1_115' title='bbox 346 2038 477 2129; x_wconf 83' lang='lat' dir='ltr'><strong>pheta,</strong></span> <span class='ocrx_word' id='word_1_116' title='bbox 510 2036 636 2133; x_wconf 84' lang='lat' dir='ltr'><strong>quiafi</strong></span> <span class='ocrx_word' id='word_1_117' title='bbox 664 2044 829 2127; x_wconf 77' lang='lat' dir='ltr'><strong>conversus</strong></span> <span class='ocrx_word' id='word_1_118' title='bbox 853 2046 1068 2133; x_wconf 80' lang='lat' dir='ltr'><strong>ingemueris,</strong></span> <span class='ocrx_word' id='word_1_119' title='bbox 1101 2041 1305 2127; x_wconf 68' lang='lat' dir='ltr'><strong>tenesmum</strong></span> <span class='ocrx_word' id='word_1_120' title='bbox 1329 2043 1406 2108; x_wconf 81' lang='lat' dir='ltr'><strong>eris.</strong></span> 
     </span>
     <span class='ocr_line' id='line_1_18' title="bbox 346 2134 1408 2234; baseline -0.002 -25"><span class='ocrx_word' id='word_1_121' title='bbox 346 2134 459 2209; x_wconf 89' lang='lat' dir='ltr'><strong>Paulo</strong></span> <span class='ocrx_word' id='word_1_122' title='bbox 472 2137 576 2209; x_wconf 90' lang='lat' dir='ltr'><strong>latius</strong></span> <span class='ocrx_word' id='word_1_123' title='bbox 588 2137 756 2234; x_wconf 87' lang='lat' dir='ltr'><strong>progresh</strong></span> <span class='ocrx_word' id='word_1_124' title='bbox 773 2136 904 2231; x_wconf 89' lang='lat' dir='ltr'><strong>sumus,</strong></span> <span class='ocrx_word' id='word_1_125' title='bbox 926 2141 1008 2212; x_wconf 90' lang='lat' dir='ltr'><strong>dum</strong></span> <span class='ocrx_word' id='word_1_126' title='bbox 1018 2140 1189 2211; x_wconf 85' lang='lat' dir='ltr'><strong>uolumus</strong></span> <span class='ocrx_word' id='word_1_127' title='bbox 1204 2156 1408 2231; x_wconf 80' lang='lat' dir='ltr'><strong>exponere,</strong></span> 
     </span>
     <span class='ocr_line' id='line_1_19' title="bbox 348 2235 1406 2329; baseline -0.001 -21"><span class='ocrx_word' id='word_1_128' title='bbox 348 2235 535 2326; x_wconf 87' lang='lat' dir='ltr'><strong>quomodo</strong></span> <span class='ocrx_word' id='word_1_129' title='bbox 549 2236 672 2327; x_wconf 87' lang='lat' dir='ltr'><strong>Deus,</strong></span> <span class='ocrx_word' id='word_1_130' title='bbox 697 2258 774 2328; x_wconf 86' lang='lat' dir='ltr'><strong>quae</strong></span> <span class='ocrx_word' id='word_1_131' title='bbox 786 2235 845 2310; x_wconf 91' lang='lat' dir='ltr'><strong>sua</strong></span> <span class='ocrx_word' id='word_1_132' title='bbox 863 2237 963 2329; x_wconf 91' lang='lat' dir='ltr'><strong>sunt,</strong></span> <span class='ocrx_word' id='word_1_133' title='bbox 979 2241 1117 2310; x_wconf 89' lang='lat' dir='ltr'><strong>dicatur</strong></span> <span class='ocrx_word' id='word_1_134' title='bbox 1133 2240 1342 2329; x_wconf 85' lang='lat' dir='ltr'><strong>acquirere,</strong></span> <span class='ocrx_word' id='word_1_135' title='bbox 1370 2235 1406 2308; x_wconf 83' lang='lat' dir='ltr'><strong>dc</strong></span> 
     </span>
     <span class='ocr_line' id='line_1_20' title="bbox 347 2333 1407 2431; baseline 0.003 -26"><span class='ocrx_word' id='word_1_136' title='bbox 347 2335 522 2407; x_wconf 87' lang='lat' dir='ltr'><strong>redimere</strong></span> <span class='ocrx_word' id='word_1_137' title='bbox 548 2333 705 2408; x_wconf 87' lang='lat' dir='ltr'><strong>Christus</strong></span> <span class='ocrx_word' id='word_1_138' title='bbox 730 2334 896 2431; x_wconf 87' lang='lat' dir='ltr'><strong>sanguine</strong></span> <span class='ocrx_word' id='word_1_139' title='bbox 928 2338 1116 2431; x_wconf 88' lang='lat' dir='ltr'><strong>pretioso,</strong></span> <span class='ocrx_word' id='word_1_140' title='bbox 1143 2360 1234 2429; x_wconf 89' lang='lat' dir='ltr'><strong>quos</strong></span> <span class='ocrx_word' id='word_1_141' title='bbox 1269 2345 1407 2420; x_wconf 86' lang='lat' dir='ltr'><strong>emerat</strong></span> 
     </span>
     <span class='ocr_line' id='line_1_21' title="bbox 350 2433 943 2529; baseline 0.008 -21"><span class='ocrx_word' id='word_1_142' title='bbox 350 2433 513 2508; x_wconf 90' lang='lat' dir='ltr'><strong>diabolus</strong></span> <span class='ocrx_word' id='word_1_143' title='bbox 528 2434 592 2505; x_wconf 92' lang='lat' dir='ltr'><strong>vili</strong></span> <span class='ocrx_word' id='word_1_144' title='bbox 612 2434 776 2506; x_wconf 91' lang='lat' dir='ltr'><strong>mercede</strong></span> <span class='ocrx_word' id='word_1_145' title='bbox 791 2437 943 2529; x_wconf 89' lang='lat' dir='ltr'><strong>peccati.</strong></span> 
     </span>
    </p>

    <p class='ocr_par' dir='ltr' id='par_1_3' title="bbox 344 2534 1430 4025">
     <span class='ocr_line' id='line_1_22' title="bbox 427 2534 1404 2625; baseline 0.002 -21"><span class='ocrx_word' id='word_1_146' title='bbox 427 2554 484 2608; x_wconf 87' lang='lat'><strong>10.</strong></span> <span class='ocrx_word' id='word_1_147' title='bbox 511 2534 664 2603; x_wconf 75' lang='lat' dir='ltr'><strong>sudarem</strong></span> <span class='ocrx_word' id='word_1_148' title='bbox 694 2536 808 2625; x_wconf 74' lang='lat' dir='ltr'><strong>planta</strong></span> <span class='ocrx_word' id='word_1_149' title='bbox 838 2558 886 2604; x_wconf 87' lang='lat' dir='ltr'><strong>eos</strong></span> <span class='ocrx_word' id='word_1_150' title='bbox 911 2541 949 2604; x_wconf 82' lang='lat' dir='ltr'><strong>in</strong></span> <span class='ocrx_word' id='word_1_151' title='bbox 972 2548 1077 2606; x_wconf 82' lang='lat' dir='ltr'><strong>mente</strong></span> <span class='ocrx_word' id='word_1_152' title='bbox 1100 2534 1298 2604; x_wconf 77' lang='lat' dir='ltr'><strong>hereditatis</strong></span> <span class='ocrx_word' id='word_1_153' title='bbox 1330 2550 1404 2606; x_wconf 76' lang='lat' dir='ltr'><strong>tue.</strong></span> 
     </span>
     <span class='ocr_line' id='line_1_23' title="bbox 348 2628 1409 2727; baseline -0.006 -17"><span class='ocrx_word' id='word_1_154' title='bbox 348 2628 441 2710; x_wconf 86' lang='lat' dir='ltr'><strong>Non</strong></span> <span class='ocrx_word' id='word_1_155' title='bbox 457 2634 540 2702; x_wconf 89' lang='lat' dir='ltr'><strong>vult</strong></span> <span class='ocrx_word' id='word_1_156' title='bbox 560 2651 628 2704; x_wconf 91' lang='lat' dir='ltr'><strong>nos</strong></span> <span class='ocrx_word' id='word_1_157' title='bbox 650 2630 750 2702; x_wconf 89' lang='lat' dir='ltr'><strong>Deus</strong></span> <span class='ocrx_word' id='word_1_158' title='bbox 769 2632 807 2704; x_wconf 95' lang='lat' dir='ltr'><strong>in</strong></span> <span class='ocrx_word' id='word_1_159' title='bbox 825 2630 989 2727; x_wconf 85' lang='lat' dir='ltr'><strong>AEgypto</strong></span> <span class='ocrx_word' id='word_1_160' title='bbox 1009 2636 1191 2726; x_wconf 79' lang='lat' dir='ltr'><strong>plantare,</strong></span> <span class='ocrx_word' id='word_1_161' title='bbox 1216 2653 1284 2704; x_wconf 86' lang='lat' dir='ltr'><strong>nec</strong></span> <span class='ocrx_word' id='word_1_162' title='bbox 1297 2631 1409 2706; x_wconf 89' lang='lat' dir='ltr'><strong>inde·</strong></span> 
     </span>
     <span class='ocr_line' id='line_1_24' title="bbox 344 2727 1409 2825; baseline 0.001 -24"><span class='ocrx_word' id='word_1_163' title='bbox 344 2728 447 2824; x_wconf 75' lang='lat' dir='ltr'><strong>jetiis</strong></span> <span class='ocrx_word' id='word_1_164' title='bbox 468 2728 503 2802; x_wconf 80' lang='lat' dir='ltr'><strong>dt</strong></span> <span class='ocrx_word' id='word_1_165' title='bbox 524 2730 561 2800; x_wconf 92' lang='lat' dir='ltr'><strong>in</strong></span> <span class='ocrx_word' id='word_1_166' title='bbox 584 2730 774 2804; x_wconf 88' lang='lat' dir='ltr'><strong>humilibus</strong></span> <span class='ocrx_word' id='word_1_167' title='bbox 794 2733 909 2825; x_wconf 87' lang='lat' dir='ltr'><strong>locis,</strong></span> <span class='ocrx_word' id='word_1_168' title='bbox 933 2727 993 2806; x_wconf 90' lang='lat' dir='ltr'><strong>sed</strong></span> <span class='ocrx_word' id='word_1_169' title='bbox 1015 2734 1052 2804; x_wconf 90' lang='lat' dir='ltr'><strong>in</strong></span> <span class='ocrx_word' id='word_1_170' title='bbox 1071 2746 1198 2804; x_wconf 90' lang='lat' dir='ltr'><strong>monte</strong></span> <span class='ocrx_word' id='word_1_171' title='bbox 1223 2729 1409 2802; x_wconf 85' lang='lat' dir='ltr'><strong>haredita-</strong></span> 
     </span>
     <span class='ocr_line' id='line_1_25' title="bbox 347 2830 1409 2925; baseline 0 -24"><span class='ocrx_word' id='word_1_172' title='bbox 347 2834 396 2912; x_wconf 79' lang='lat' dir='ltr'><strong>tis</strong></span> <span class='ocrx_word' id='word_1_173' title='bbox 417 2831 485 2901; x_wconf 87' lang='lat' dir='ltr'><strong>suae</strong></span> <span class='ocrx_word' id='word_1_174' title='bbox 503 2831 582 2901; x_wconf 91' lang='lat' dir='ltr'><strong>vult</strong></span> <span class='ocrx_word' id='word_1_175' title='bbox 600 2831 779 2924; x_wconf 86' lang='lat' dir='ltr'><strong>plantare,</strong></span> <span class='ocrx_word' id='word_1_176' title='bbox 803 2851 895 2922; x_wconf 88' lang='lat' dir='ltr'><strong>quos</strong></span> <span class='ocrx_word' id='word_1_177' title='bbox 917 2833 1065 2925; x_wconf 87' lang='lat' dir='ltr'><strong>plantat.</strong></span> <span class='ocrx_word' id='word_1_178' title='bbox 1114 2830 1210 2918; x_wconf 88' lang='lat' dir='ltr'><strong>Turn</strong></span> <span class='ocrx_word' id='word_1_179' title='bbox 1235 2844 1409 2920; x_wconf 85' lang='lat' dir='ltr'><strong>praeterea</strong></span> 
     </span>
     <span class='ocr_line' id='line_1_26' title="bbox 351 2927 1408 3026; baseline 0 -26"><span class='ocrx_word' id='word_1_180' title='bbox 351 2928 450 3020; x_wconf 90' lang='lat' dir='ltr'><strong>quod</strong></span> <span class='ocrx_word' id='word_1_181' title='bbox 464 2927 580 3022; x_wconf 91' lang='lat' dir='ltr'><strong>addit,</strong></span> <span class='ocrx_word' id='word_1_182' title='bbox 615 2932 972 3026; x_wconf 77' lang='lat' dir='ltr'><strong>iuducensplanra0u3</strong></span> <span class='ocrx_word' id='word_1_183' title='bbox 999 2951 1082 3004; x_wconf 91' lang='lat' dir='ltr'><strong>num</strong></span> <span class='ocrx_word' id='word_1_184' title='bbox 1096 2927 1408 3010; x_wconf 80' lang='lat' dir='ltr'><strong>tibiuideturtan·</strong></span> 
     </span>
     <span class='ocr_line' id='line_1_27' title="bbox 345 3024 1407 3122; baseline -0.003 -22"><span class='ocrx_word' id='word_1_185' title='bbox 345 3049 455 3120; x_wconf 53' lang='lat' dir='ltr'><strong>,quam</strong></span> <span class='ocrx_word' id='word_1_186' title='bbox 477 3027 522 3100; x_wconf 86' lang='lat' dir='ltr'><strong>dc</strong></span> <span class='ocrx_word' id='word_1_187' title='bbox 545 3029 662 3120; x_wconf 83' lang='lat' dir='ltr'><strong>pueris</strong></span> <span class='ocrx_word' id='word_1_188' title='bbox 687 3029 829 3122; x_wconf 87' lang='lat' dir='ltr'><strong>dicere,</strong></span> <span class='ocrx_word' id='word_1_189' title='bbox 865 3031 925 3120; x_wconf 90' lang='lat' dir='ltr'><strong>qui</strong></span> <span class='ocrx_word' id='word_1_190' title='bbox 946 3028 1165 3106; x_wconf 90' lang='lat' dir='ltr'><strong>inducuntur</strong></span> <span class='ocrx_word' id='word_1_191' title='bbox 1184 3028 1228 3112; x_wconf 87' lang='lat' dir='ltr'><strong>ad</strong></span> <span class='ocrx_word' id='word_1_192' title='bbox 1245 3024 1407 3119; x_wconf 84' lang='lat' dir='ltr'><strong>scholas,</strong></span> 
     </span>
     <span class='ocr_line' id='line_1_28' title="bbox 346 3125 1408 3221; baseline -0.003 -21"><span class='ocrx_word' id='word_1_193' title='bbox 346 3127 568 3212; x_wconf 80' lang='lat' dir='ltr'><strong>inducuntur</strong></span> <span class='ocrx_word' id='word_1_194' title='bbox 591 3129 634 3202; x_wconf 90' lang='lat' dir='ltr'><strong>ad</strong></span> <span class='ocrx_word' id='word_1_195' title='bbox 650 3129 793 3221; x_wconf 87' lang='lat' dir='ltr'><strong>literas,</strong></span> <span class='ocrx_word' id='word_1_196' title='bbox 828 3130 1046 3202; x_wconf 90' lang='lat' dir='ltr'><strong>inducuntur</strong></span> <span class='ocrx_word' id='word_1_197' title='bbox 1064 3128 1108 3200; x_wconf 85' lang='lat' dir='ltr'><strong>ad</strong></span> <span class='ocrx_word' id='word_1_198' title='bbox 1125 3148 1268 3201; x_wconf 84' lang='lat' dir='ltr'><strong>omnem</strong></span> <span class='ocrx_word' id='word_1_199' title='bbox 1292 3125 1408 3199; x_wconf 82' lang='lat' dir='ltr'><strong>erudi·</strong></span> 
     </span>
     <span class='ocr_line' id='line_1_29' title="bbox 349 3224 1408 3324; baseline -0.002 -26"><span class='ocrx_word' id='word_1_200' title='bbox 349 3224 515 3301; x_wconf 71' lang='lat' dir='ltr'><strong>tionem?</strong></span> <span class='ocrx_word' id='word_1_201' title='bbox 544 3226 705 3323; x_wconf 83' lang='lat' dir='ltr'><strong>intellige</strong></span> <span class='ocrx_word' id='word_1_202' title='bbox 726 3249 812 3324; x_wconf 88' lang='lat' dir='ltr'><strong>ergo</strong></span> <span class='ocrx_word' id='word_1_203' title='bbox 827 3250 891 3321; x_wconf 91' lang='lat' dir='ltr'><strong>per</strong></span> <span class='ocrx_word' id='word_1_204' title='bbox 915 3230 1012 3321; x_wconf 82' lang='lat' dir='ltr'><strong>haec,</strong></span> <span class='ocrx_word' id='word_1_205' title='bbox 1037 3227 1063 3300; x_wconf 87' lang='lat' dir='ltr'><strong>fi</strong></span> <span class='ocrx_word' id='word_1_206' title='bbox 1087 3242 1206 3300; x_wconf 88' lang='lat' dir='ltr'><strong>tamen</strong></span> <span class='ocrx_word' id='word_1_207' title='bbox 1222 3227 1331 3300; x_wconf 83' lang='lat' dir='ltr'><strong>habes</strong></span> <span class='ocrx_word' id='word_1_208' title='bbox 1349 3244 1408 3297; x_wconf 89' lang='lat' dir='ltr'><strong>au·</strong></span> 
     </span>
     <span class='ocr_line' id='line_1_30' title="bbox 350 3323 1410 3422; baseline -0.002 -26"><span class='ocrx_word' id='word_1_209' title='bbox 350 3345 409 3408; x_wconf 80' lang='lat' dir='ltr'><strong>ree</strong></span> <span class='ocrx_word' id='word_1_210' title='bbox 443 3324 640 3420; x_wconf 90' lang='lat' dir='ltr'><strong>audiendi,</strong></span> <span class='ocrx_word' id='word_1_211' title='bbox 672 3327 859 3417; x_wconf 91' lang='lat' dir='ltr'><strong>quomodo</strong></span> <span class='ocrx_word' id='word_1_212' title='bbox 899 3326 1000 3402; x_wconf 79' lang='lat' dir='ltr'><strong>Deus</strong></span> <span class='ocrx_word' id='word_1_213' title='bbox 1030 3327 1190 3422; x_wconf 79' lang='lat' dir='ltr'><strong>plantat:</strong></span> <span class='ocrx_word' id='word_1_214' title='bbox 1227 3347 1274 3398; x_wconf 90' lang='lat' dir='ltr'><strong>ne</strong></span> <span class='ocrx_word' id='word_1_215' title='bbox 1309 3323 1410 3406; x_wconf 81' lang='lat' dir='ltr'><strong>sorte</strong></span> 
     </span>
     <span class='ocr_line' id='line_1_31' title="bbox 351 3420 1430 3522; baseline -0.004 -22"><span class='ocrx_word' id='word_1_216' title='bbox 351 3445 432 3512; x_wconf 79' lang='lat' dir='ltr'><strong>cum</strong></span> <span class='ocrx_word' id='word_1_217' title='bbox 451 3425 548 3500; x_wconf 84' lang='lat' dir='ltr'><strong>audis</strong></span> <span class='ocrx_word' id='word_1_218' title='bbox 567 3447 647 3508; x_wconf 81' lang='lat' dir='ltr'><strong>eum</strong></span> <span class='ocrx_word' id='word_1_219' title='bbox 663 3426 853 3519; x_wconf 89' lang='lat' dir='ltr'><strong>inducere,</strong></span> <span class='ocrx_word' id='word_1_220' title='bbox 880 3426 915 3498; x_wconf 81' lang='lat' dir='ltr'><strong>dt</strong></span> <span class='ocrx_word' id='word_1_221' title='bbox 935 3429 1117 3522; x_wconf 89' lang='lat' dir='ltr'><strong>plantare,</strong></span> <span class='ocrx_word' id='word_1_222' title='bbox 1142 3440 1247 3518; x_wconf 87' lang='lat' dir='ltr'><strong>putes</strong></span> <span class='ocrx_word' id='word_1_223' title='bbox 1268 3445 1347 3498; x_wconf 85' lang='lat' dir='ltr'><strong>euru</strong></span> <span class='ocrx_word' id='word_1_224' title='bbox 1367 3420 1430 3515; x_wconf 48' lang='lat' dir='ltr'><strong>fis</strong></span> 
     </span>
     <span class='ocr_line' id='line_1_32' title="bbox 353 3521 1407 3620; baseline 0.004 -23"><span class='ocrx_word' id='word_1_225' title='bbox 353 3524 472 3606; x_wconf 80' lang='lat' dir='ltr'><strong>cusin</strong></span> <span class='ocrx_word' id='word_1_226' title='bbox 493 3538 610 3618; x_wconf 86' lang='lat' dir='ltr'><strong>terra,</strong></span> <span class='ocrx_word' id='word_1_227' title='bbox 635 3539 697 3598; x_wconf 92' lang='lat' dir='ltr'><strong>aut</strong></span> <span class='ocrx_word' id='word_1_228' title='bbox 717 3526 784 3604; x_wconf 87' lang='lat' dir='ltr'><strong>alia</strong></span> <span class='ocrx_word' id='word_1_229' title='bbox 802 3525 1049 3617; x_wconf 74' lang='lat' dir='ltr'><strong>huiuscemodi</strong></span> <span class='ocrx_word' id='word_1_230' title='bbox 1068 3525 1222 3620; x_wconf 89' lang='lat' dir='ltr'><strong>virgulta</strong></span> <span class='ocrx_word' id='word_1_231' title='bbox 1240 3521 1407 3617; x_wconf 81' lang='lat' dir='ltr'><strong>deligere.</strong></span> 
     </span>
     <span class='ocr_line' id='line_1_33' title="bbox 352 3622 1410 3718; baseline -0.006 -18"><span class='ocrx_word' id='word_1_232' title='bbox 352 3623 451 3700; x_wconf 82' lang='lat' dir='ltr'><strong>Audi</strong></span> <span class='ocrx_word' id='word_1_233' title='bbox 471 3623 625 3718; x_wconf 76' lang='lat' dir='ltr'><strong>declini,</strong></span> <span class='ocrx_word' id='word_1_234' title='bbox 646 3625 832 3716; x_wconf 90' lang='lat' dir='ltr'><strong>quomodo</strong></span> <span class='ocrx_word' id='word_1_235' title='bbox 845 3626 985 3718; x_wconf 80' lang='lat' dir='ltr'><strong>plantat</strong></span> <span class='ocrx_word' id='word_1_236' title='bbox 998 3626 1135 3716; x_wconf 64' lang='lat' dir='ltr'><strong>Deum,</strong></span> <span class='ocrx_word' id='word_1_237' title='bbox 1159 3623 1340 3716; x_wconf 87' lang='lat' dir='ltr'><strong>Propheta</strong></span> <span class='ocrx_word' id='word_1_238' title='bbox 1359 3622 1410 3694; x_wconf 88' lang='lat' dir='ltr'><strong>di·</strong></span> 
     </span>
     <span class='ocr_line' id='line_1_34' title="bbox 351 3723 1409 3822; baseline -0.008 -27"><span class='ocrx_word' id='word_1_239' title='bbox 351 3723 421 3804; x_wconf 75' lang='lat' dir='ltr'><strong>cit:</strong></span> <span class='ocrx_word' id='word_1_240' title='bbox 453 3725 587 3796; x_wconf 79' lang='lat' dir='ltr'><strong>Vineam</strong></span> <span class='ocrx_word' id='word_1_241' title='bbox 606 3750 645 3795; x_wconf 82' lang='lat' dir='ltr'><strong>ex</strong></span> <span class='ocrx_word' id='word_1_242' title='bbox 661 3726 804 3821; x_wconf 74' lang='lat' dir='ltr'><strong>AEgypte</strong></span> <span class='ocrx_word' id='word_1_243' title='bbox 823 3727 1035 3822; x_wconf 74' lang='lat' dir='ltr'><strong>tranfluhfli,</strong></span> <span class='ocrx_word' id='word_1_244' title='bbox 1061 3724 1100 3802; x_wconf 69' lang='lat'><strong>(5</strong></span> <span class='ocrx_word' id='word_1_245' title='bbox 1121 3727 1264 3819; x_wconf 67' lang='lat' dir='ltr'><strong>expulisti</strong></span> <span class='ocrx_word' id='word_1_246' title='bbox 1279 3739 1409 3813; x_wconf 76' lang='lat' dir='ltr'><strong>gentes,</strong></span> 
     </span>
     <span class='ocr_line' id='line_1_35' title="bbox 352 3819 1410 3923; baseline -0.007 -29"><span class='ocrx_word' id='word_1_247' title='bbox 352 3823 393 3903; x_wconf 66' lang='lat' dir='ltr'><strong><em>U</em></strong></span> <span class='ocrx_word' id='word_1_248' title='bbox 404 3823 555 3917; x_wconf 70' lang='lat' dir='ltr'><strong>plantasti</strong></span> <span class='ocrx_word' id='word_1_249' title='bbox 569 3850 646 3906; x_wconf 75' lang='lat' dir='ltr'><strong>taut.</strong></span> <span class='ocrx_word' id='word_1_250' title='bbox 700 3829 851 3899; x_wconf 71' lang='lat' dir='ltr'><strong>cervium</strong></span> <span class='ocrx_word' id='word_1_251' title='bbox 868 3831 934 3898; x_wconf 81' lang='lat' dir='ltr'><strong>iter</strong></span> <span class='ocrx_word' id='word_1_252' title='bbox 942 3825 1047 3923; x_wconf 57' lang='lat' dir='ltr'><strong>fuis&amp;</strong></span> <span class='ocrx_word' id='word_1_253' title='bbox 1060 3843 1137 3898; x_wconf 81' lang='lat' dir='ltr'><strong>ente</strong></span> <span class='ocrx_word' id='word_1_254' title='bbox 1148 3849 1231 3906; x_wconf 85' lang='lat' dir='ltr'><strong>eam,</strong></span> <span class='ocrx_word' id='word_1_255' title='bbox 1253 3819 1410 3915; x_wconf 74' lang='lat' dir='ltr'><strong>plantasti</strong></span> 
     </span>
     <span class='ocr_line' id='line_1_36' title="bbox 354 3920 1409 4025; baseline 0.001 -34"><span class='ocrx_word' id='word_1_256' title='bbox 354 3925 473 4004; x_wconf 73' lang='lat' dir='ltr'><strong>radicet</strong></span> <span class='ocrx_word' id='word_1_257' title='bbox 492 3927 577 4022; x_wconf 79' lang='lat' dir='ltr'><strong>ejus,</strong></span> <span class='ocrx_word' id='word_1_258' title='bbox 609 3922 648 4008; x_wconf 63' lang='grc' dir='ltr'><em>Φ</em></span> <span class='ocrx_word' id='word_1_259' title='bbox 668 3925 787 4025; x_wconf 74' lang='lat' dir='ltr'><strong>repleflt&#39;</strong></span> <span class='ocrx_word' id='word_1_260' title='bbox 806 3943 937 4000; x_wconf 83' lang='lat' dir='ltr'><strong>terram.</strong></span> <span class='ocrx_word' id='word_1_261' title='bbox 1004 3931 1138 4020; x_wconf 79' lang='lat' dir='ltr'><strong>Operuit</strong></span> <span class='ocrx_word' id='word_1_262' title='bbox 1159 3939 1277 3994; x_wconf 74' lang='lat' dir='ltr'><strong>utentes</strong></span> <span class='ocrx_word' id='word_1_263' title='bbox 1299 3920 1409 3992; x_wconf 79' lang='lat' dir='ltr'><strong>umbra</strong></span> 
     </span>
    </p>
   </div>
   <div class='ocr_carea' id='block_1_3' title="bbox 352 4021 1410 4200">
    <p class='ocr_par' dir='ltr' id='par_1_4' title="bbox 352 4021 1410 4200">
     <span class='ocr_line' id='line_1_37' title="bbox 352 4021 1410 4200; baseline -0.037 -65"><span class='ocrx_word' id='word_1_264' title='bbox 352 4029 441 4122; x_wconf 56' lang='grc' dir='ltr'><strong>Ψ»</strong></span> <span class='ocrx_word' id='word_1_265' title='bbox 467 4023 643 4126; x_wconf 66' lang='lat' dir='ltr'><strong>oarlufla</strong></span> <span class='ocrx_word' id='word_1_266' title='bbox 657 4030 723 4127; x_wconf 66' lang='lat' dir='ltr'><strong>uus</strong></span> <span class='ocrx_word' id='word_1_267' title='bbox 737 4029 853 4199; x_wconf 53' lang='grc' dir='ltr'><strong>«ὄϊας</strong></span> <span class='ocrx_word' id='word_1_268' title='bbox 863 4030 940 4200; x_wconf 48' lang='lat' dir='ltr'><strong>Idne</strong></span> <span class='ocrx_word' id='word_1_269' title='bbox 988 4021 1410 4194; x_wconf 49' lang='lat' dir='ltr'><strong>Adfflfiffldflssssfflssm&#39;</strong></span> 
     </span>
    </p>
   </div>
   <div class='ocr_carea' id='block_1_4' title="bbox 0 0 1723 4692">
    <p class='ocr_par' dir='ltr' id='par_1_5' title="bbox 0 0 1723 4692">
     <span class='ocr_line' id='line_1_38' title="bbox 0 0 1723 4692; baseline 0 0"><span class='ocrx_word' id='word_1_270' title='bbox 0 0 1723 4692; x_wconf 95' lang='lat' dir='ltr'><strong> </strong></span> 
     </span>
    </p>
   </div>
  </div>
 </body>
</html>
