3417 4692
315 376 391 453 ῳ
645 329 1105 436 oatoa'urs.
1180 372 1211 408 v

316 504 401 594 mre
416 540 474 589 ves
490 521 804 616 enarraverunt„
817 518 929 617 canam
945 518 1090 592 aaran
1109 513 1261 616 canno}
1287 515 1325 592 tr
1347 516 1390 594 de

318 640 392 712 quo
420 617 458 692 in
486 614 693 716 Evangeliis
721 617 910 712 scriptum,
946 619 1029 713 quia
1054 636 1120 691 rex
1139 617 1288 709 quidam
1305 617 1393 718 fecit

317 718 460 812 nuptias
481 712 560 791 filio
578 715 668 808 lu03
694 715 855 811 inhujus
875 738 962 817 crgo
985 716 1056 791 viri
1075 720 1217 811 nuptias
1247 738 1334 792 cum
1356 717 1389 794 se

318 819 434 894 anima
449 813 606 910 dederit,
633 817 876 913 &legitimum
895 838 976 893 cum
988 837 1036 893 eo
1051 815 1177 892 sortita
1189 817 1305 891 fuerit
1317 839 1390 893 ma·

318 914 547 1008 trinomium,
573 920 678 992 etiam
697 917 723 990 li
740 912 810 990 fuit
828 917 1249 1011 aliquandepeccatrix,
1278 921 1390 994 etiam

316 1015 343 1093 fi
359 1019 585 1091 meretricata
607 1013 679 1108 est,
705 1025 827 1103 tamen
844 1013 869 1090 sr
885 1013 919 1090 se
935 1017 1018 1091 huic
1033 1016 1117 1090 viro
1136 1013 1310 1112 tradidit,
1337 1021 1390 1092 ul·

319 1126 376 1190 tra
392 1136 468 1190 eam
483 1134 635 1208 peccate
651 1136 726 1204 non
749 1116 895 1210 patitur.
945 1115 1035 1192 Non
1057 1107 1319 1212 penitima,
1349 1133 1393 1192 ut

318 1213 455 1292 rursum
473 1216 607 1306 anima,
632 1235 709 1308 quse
728 1215 762 1290 le
778 1214 903 1290 sortita
920 1214 1133 1308 elicitum,
1150 1215 1390 1292 auudrtcum

318 1314 508 1406 adulteris,
540 1316 622 1407 quia
639 1316 819 1393 excitatur
842 1313 947 1410 super
973 1335 1051 1392 eam
1072 1315 1171 1390 zelus
1191 1312 1271 1414 ejus
1295 1318 1391 1412 viri,

317 1411 530 1490 &defendit
550 1414 708 1512 conjugii
724 1414 933 1491 castitatem.
983 1409 1034 1488 Et
1052 1411 1138 1488 ide'o
1157 1415 1282 1488 zelans
1301 1416 1390 1490 dici·

317 1528 376 1587 tur
390 1514 594 1608 Dominus,
621 1517 703 1608 quia
725 1511 876 1590 animam
893 1513 955 1588 srbi
971 1515 1205 1610 mancipatam
1225 1534 1309 1589 non
1327 1538 1391 1612 pa·

315 1613 405 1688 titur
426 1610 645 1689 damonibus
668 1611 860 1689 admisceri.
912 1611 1131 1706 Alioquinli
1152 1631 1230 1686 earn
1250 1615 1392 1692 viderit

317 1727 552 1788 temerantem
567 1714 647 1808 jura
662 1713 841 1812 conjugii,
867 1713 909 1790 dt.
920 1710 1150 1788 occasionem
1162 1731 1327 1804 quaerere
1344 1718 1390 1794 ad

316 1811 562 1909 peccandum,
587 1827 676 1887 tunc
703 1810 766 1911 (ut
791 1810 959 1912 scriptum
982 1810 1054 1912 est)
1080 1811 1142 1887 dat
1165 1812 1199 1888 ei
1224 1814 1392 1893 libellum

316 1911 477 2009 repudii,
504 1913 537 1987 dt
557 1913 705 1998 dimittit
720 1934 798 1988 eam
816 1910 956 1988 dicens:
989 1916 1052 1985 Uti
1071 1913 1244 2009 dldbetus
1262 1921 1392 2010 repudii

316 2020 432 2086 matris
450 2013 575 2111 vestre,
588 2041 648 2112 qen
660 2015 760 2110 dintifi
774 2008 868 2085 tam?
890 2011 1032 2108 Quibus
1048 2012 1156 2087 etiam
1169 2011 1269 2086 addit
1285 2014 1322 2088 &
1336 2017 1389 2090 di·

319 2115 394 2206 cit,
422 2109 501 2187 Ecce
515 2119 648 2210 peccatis
667 2114 780 2212 vestris
799 2115 982 2185 venundati
1001 2113 1090 2211 estis,
1122 2109 1161 2190 di
1175 2130 1305 2209 prepter
1320 2121 1390 2187 ini·

317 2220 459 2311 quitates
474 2213 594 2312 veflres
613 2212 715 2308 dimifi
731 2228 864 2286 matrem
885 2213 1032 2309 velitem.
1084 2209 1173 2286 Haec
1191 2212 1250 2304 qui
1268 2214 1390 2308 loqui·

317 2327 390 2405 tur,
405 2311 524 2385 zelans
540 2311 611 2404 est,
638 2313 768 2387 &zelo
785 2325 990 2387 commotus
1005 2312 1082 2387 haec
1098 2311 1205 2401 dicit3
1232 2313 1315 2405 post
1330 2336 1389 2413 ag·

316 2411 494 2487 nitionem
510 2411 604 2486 enim
619 2410 697 2505 sui‚·
715 2408 798 2509 post
812 2411 1110 2486 illuminationem
1127 2411 1230 2484 verbi
1247 2412 1388 2509 divini,

316 2510 399 2606 post
423 2511 570 2608 gratiam
595 2509 781 2606 baptismi,
813 2510 896 2608 post
921 2512 1177 2589 confeffionem
1204 2509 1314 2605 fidei,
1351 2515 1387 2587 dt

316 2624 377 2686 tot
396 2608 572 2704 tantisque
587 2610 811 2686 sacramentis
828 2610 1093 2687 matrimonium
1111 2604 1385 2709 confirmatum,

316 2731 395 2788 non
411 2710 493 2783 vult
512 2731 580 2786 nos
597 2713 690 2785 ultra
706 2730 878 2827 peccare2
903 2732 978 2785 non
1001 2710 1137 2805 patitur
1151 2712 1302 2784 animam
1326 2733 1385 2786 cu-

315 2811 372 2907 jus
387 2806 461 2906 ipse
482 2806 727 2905 velsponsus,
755 2812 815 2885 vel
833 2831 892 2884 vn
907 2811 1126 2904 appellatur,
1154 2831 1236 2883 cum
1252 2811 1382 2886 daemo·

318 2912 422 2988 nibus
438 2908 583 3004 ludere,
609 2908 758 2984 scortari
777 2932 858 2984 cum
871 2909 1058 2985 immundis
1075 2906 1274 3003 spiritibus,
1301 2932 1383 2987 cum

313 3010 417 3084 ‘vitiis
440 3007 723 3087 &immunditiis
743 3011 914 3086 volutari.
966 3008 1078 3108 Quod
1101 3005 1299 3082 &liforte
1327 3013 1384 3085 ali·

319 3105 464 3205 quando
491 3110 637 3186 eveniat
656 3108 876 3200 infeliciter,
910 3108 1034 3185 saltem
1057 3120 1100 3181 ut
1119 3123 1386 3205 convertatur,

318 3209 355 3285 dc
379 3207 505 3284 redeat
527 3207 559 3284 tr
579 3211 771 3308 poeniteat,
786 3206 978 3284 miseratus
1000 3208 1176 3302 expediat.
1227 3206 1386 3285 Novum

320 3309 415 3385 enim
431 3308 506 3383 hoc
525 3309 700 3384 bonitatis
722 3307 925 3406 eligemus,
958 3321 1000 3381 ut
1019 3311 1125 3383 etiam
1142 3309 1223 3402 post
1246 3309 1383 3384 adulte·

318 3412 411 3486 rium
434 3422 681 3484 revertentem
705 3423 824 3484 tamen
846 3407 881 3482 dt
902 3429 948 3481 ex
970 3407 1185 3484 totocorde
1208 3411 1383 3503 poeniten·

318 3524 394 3586 tem
414 3505 574 3603 suscipiat
594 3510 754 3584 animam.
804 3507 906 3581 Sicut
929 3504 1053 3603 &ipse
1077 3527 1143 3602 per
1162 3507 1396 3603 Prophetam,

319 3608 423 3689 dicit:
450 3611 621 3709 Numquid
634 3610 783 3708 mulierfi
795 3615 911 3681 exierit
924 3634 944 3680 a
957 3611 1049 3697 trito,
1082 3608 1122 3686 U
1136 3612 1299 3681 dormierit
1314 3634 1385 3682 catu

319 3713 384 3790 elie
401 3717 495 3799 vira,
522 3726 703 3783 reametur
719 3712 758 3782 ad
775 3715 886 3781 uirum
897 3703 1022 3797 suum?
1046 3711 1170 3783 Nonne
1182 3716 1384 3782 contamina·

319 3820 406 3891 tiene
416 3807 710 3885 contaminabitur?
739 3804 791 3888 Tu
805 3826 909 3882 autem
922 3804 1095 3902 fornicata
1107 3834 1138 3881 es
1149 3834 1217 3881 cum
1230 3814 1386 3883 emeteri-

321 3916 379 3988 tus
398 3914 530 4002 meltis,
556 3910 595 3991 U
614 3910 825 3985 revertebaris
846 3913 889 3981 ad
901 3932 958 3983 nte.
991 3902 1082 3983 Item
1099 3907 1183 3983 alibi
1199 3908 1307 3982 dicit:
1336 3912 1385 3984 Et

319 4014 510 4192 masuam
522 4012 689 4107 fornicata
701 4009 932 4085 esinemrtr'itts
947 4010 1017 4098 tris,
1042 4009 1131 4103 diet,
1160 4012 1387 4085 maererent

1261 4131 1333 4196 me‚·
