3417 4692
493 319 1195 428 sutuc‘rumormrsme'
1284 367 1381 452 *m
1474 399 1478 406 ·

397 512 448 586 Et
465 525 537 582 erut
562 513 721 582 Dominus
740 533 811 580 eum
840 509 982 605 wopis,
1016 506 1056 586 (i
1074 525 1146 580 erut
1170 513 1229 580 vir
1244 509 1385 607 prospere

315 615 439 707 agrem]
470 604 659 701 Tanqudm
672 608 709 682 in
724 604 873 703 scopum
887 609 1057 700 mittens,
1083 609 1294 686 intendebat
1310 615 1384 688 ani·

316 714 367 788 mi
386 712 624 809 principatum
639 706 822 802 &semper
839 706 1011 801 prospere
1027 711 1164 804 agebat.
1200 708 1383 804 Frequen-

317 825 377 886 ter
394 819 514 886 autem
530 811 604 884 hoc
622 810 740 882 verbo
757 809 872 881 utitur
892 806 1074 900 scriptura.

399 914 447 985 Er
460 912 620 986 &nedixit
640 914 797 981 Dominus
810 910 913 978 domui
930 911 1081 1004 AEgyprii
1093 925 1220 1004 propter
1231 905 1384 1007 'Josrphl

317 1009 476 1104 Propter
491 1007 667 1099 santium,
686 1007 839 1101 quierat
855 1008 893 1082 in
905 1007 1016 1081 domo
1031 1006 1220 1103 AEgyptii‚
1238 1011 1383 1086 benedi·

320 1113 416 1185 citur
439 1111 596 1199 domus,
632 1109 730 1181 bona
753 1107 787 1180 dr
816 1127 900 1205 ager
922 1105 1103 1204 AEgyptii.
1154 1107 1243 1182 Haec
1263 1126 1385 1194 autem

316 1210 469 1286 nonest
490 1206 651 1304 spiritalis
672 1204 888 1282 benedittio.

396 1313 462 1382 His
475 1317 524 1380 ira
534 1310 624 1406 gestis
634 1309 761 1396 occidet,
775 1327 810 1377 ur
821 1323 987 1403 peccarent
996 1310 1150 1403 pincerna
1159 1310 1386 1405 regisAEgyprr'

318 1408 359 1487 (5
372 1410 467 1511 pistor
481 1408 671 1498 dominusne
684 1411 746 1501 regi
759 1407 929 1504 AEgppti.]
963 1405 1213 1480 Consentanee
1228 1409 1282 1480 his
1303 1429 1385 1482 ver·

317 1511 402 1603 bis,
434 1514 608 1582 Percarunr
629 1513 692 1594 reri
711 1509 879 1603 AEgypri,
905 1507 1060 1579 arbitror
1081 1501 1149 1580 dici
1172 1504 1274 1599 poiie
1294 1529 1384 1582 mar·

318 1623 420 1703 tyres
441 1607 584 1702 spiritali
603 1610 678 1703 regi
706 1604 857 1703 AEgypti
883 1627 1059 1698 peccare,
1095 1604 1254 1679 sednon
1281 1608 1382 1682 Deo.

318 1710 503 1784 Videntur
529 1708 625 1782 enim
648 1727 800 1799 peccare
829 1721 959 1780 contra
978 1706 1101 1780 mundi
1125 1709 1272 1805 legem,
1305 1728 1384 1801 quar

316 1807 524 1884 adversatur
545 1808 616 1906 legi
631 1806 716 1883 Dei.

397 2008 487 2102 Quia
499 2005 596 2101 ferro
614 2004 759 2094 sublatus
777 2004 847 2094 seon
860 2006 897 2078 de
918 2021 1004 2077 terra
1024 2003 1244 2088 Horreorum,
1271 2003 1311 2084 (5
1331 2007 1387 2080 irr'r

317 2109 411 2181 eriin'i
428 2102 524 2203 feci]
574 2105 713 2180 lndicat
722 2105 809 2180 nihil
828 2104 887 2197 se,
912 2105 1012 2196 quod
1029 2105 1204 2203 indigene
1218 2102 1385 2203 AEgyptii

317 2208 481 2300 faciunt,
507 2206 648 2301 facere,
676 2226 757 2280 cum
775 2208 842 2278 ait:
872 2207 1048 2277 Herniioi
1062 2206 1139 2299 feci.
1190 2203 1385 2303 AEgyptio·

317 2329 399 2383 rum
418 2329 509 2381 vero
529 2307 622 2400 opus
640 2319 735 2399 erat,
762 2306 869 2379 etiam
888 2326 970 2380 cum
989 2305 1125 2380 domini
1139 2326 1256 2379 uxore
1272 2308 1383 2384 coire.

397 2410 592 2506 Respondent
606 2423 712 2477 autem
731 2404 851 2504 Joseplr
866 2407 953 2477 dixit
967 2410 1017 2476 eir
1047 2410 1123 2477 Hac
1138 2406 1179 2502 ιβ
1195 2423 1386 2503 interpreto-
1426 2455 1429 2460 ,

317 2511 369 2581 tie
388 2512 475 2603 ejus:
501 2512 569 2579 trio
583 2506 738 2603 coniflro,
766 2523 831 2577 tres
849 2510 913 2576 dies
923 2502 1048 2599 sente]
1073 2505 1189 2598 Supra
1208 2507 1314 2580 e'tiam
1334 2507 1386 2580 di·

320 2606 426 2682 etum·
442 2607 514 2701 est,
542 2626 607 2680 tres
628 2610 837 2702 propagines,
870 2622 936 2676 rres
952 2608 1019 2678 dies
1038 2605 1130 2693 sunt.
1180 2602 1275 2678 Tres
1295 2625 1384 2701 ergo

320 2707 397 2782 dies
420 2706 454 2780 dr
477 2726 543 2801 per
568 2706 784 2802 propagines
807 2704 842 2778 ἃ
865 2722 931 2796 per
954 2703 1102 2777 canistra
1123 2701 1385 2799 significantur:

296 2807 365 2880 ‘ad
385 2805 426 2907 id
446 2829 577 2902 nempe
602 2803 661 2878 usa
689 2804 740 2877 est
763 2804 996 2898 providentia
1021 2803 1178 2899 propriis
1202 2801 1386 2897 utriusque
1432 2871 1439 2880 .

319 2908 408 2987 vitea
424 2907 608 2998 exemplis.
659 2901 763 2977 Talia
782 2905 941 2997 reperies
960 2902 993 2976 u
1011 2903 1049 2975 in
1071 2902 1216 2993 reliquis
1236 2901 1387 2998 scriptu·

319 3007 391 3101 rie,
406 3009 469 3081 ubi
487 3005 583 3081 idem
605 3001 806 3078 declaratur
825 3003 997 3098 exemplis
1015 3000 1132 3097 specie
1152 3004 1310 3080 uiverfis.

398 3207 463 3277 Die
479 3219 584 3275 auterre
601 3209 701 3276 tertia
721 3203 855 3282 occidit,
880 3216 919 3273 ur
933 3201 998 3276 dier
1017 3196 1089 3292 effer
1105 3201 1283 3273 natalitius
1300 3204 1385 3278 Pho·
1471 3239 1476 3252 ·

320 3309 431 3377 raonis
446 3305 484 3381 (5
500 3303 623 3397 faceret
640 3307 826 3373 convivium
842 3307 951 3399 pueris
967 3303 1066 3392 suin]
1116 3298 1216 3376 Ante
1232 3324 1300 3376 nos
1318 3306 1385 3378 ob·

319 3401 481 3480 servavit
497 3400 666 3498 quispiam
684 3403 813 3476 mulum
835 3400 906 3476 else
930 3423 1038 3491 eum,
1065 3403 1125 3490 qui
1148 3404 1308 3477 natalitia
1323 3403 1386 3482 su!

321 3504 531 3577 celebrat&
548 3503 640 3575 diem
658 3519 760 3573 ortus
779 3501 827 3573 sui
847 3501 991 3594 probat.
1040 3496 1124 3572 Nos
1139 3518 1258 3576 autem
1272 3525 1384 3598 expuo

319 3603 486 3680 fitionem
501 3600 778 3692 confirmamus,
814 3601 848 3673 δι
868 3601 904 3672 in
921 3598 1072 3674 Herode
1091 3600 1200 3674 limile
1219 3603 1387 3693 quiddam

321 3702 645 3797 deprehendimus,
675 3700 819 3792 quando
845 3698 919 3772 filie
943 3698 1158 3774 Herodiadis
1183 3699 1386 3784 saltavit&

322 3816 545 3896 amputatum
566 3802 617 3876 est
639 3816 747 3894 caput
774 3800 935 3894 joannis.
986 3797 1070 3874 Nec
1097 3797 1231 3893 uspiam
1251 3799 1385 3900 justum

320 3904 448 3980 videre
466 3899 539 3998 est,
560 3903 621 3994 qui
636 3902 835 3978 natalitium
849 3900 943 3981 diem
959 3899 1130 4006 celebret.

856 4127 861 4138 =
1145 4075 1148 4080 ’
1270 4099 1335 4199 em
