<?xml version="1.0" encoding="UTF-8"?>
<!DOCTYPE html PUBLIC "-//W3C//DTD XHTML 1.0 Transitional//EN"
    "http://www.w3.org/TR/xhtml1/DTD/xhtml1-transitional.dtd">
<html xmlns="http://www.w3.org/1999/xhtml" xml:lang="en" lang="en">
 <head>
  <title>
</title>
<meta http-equiv="Content-Type" content="text/html;charset=utf-8" />
  <meta name='ocr-system' content='tesseract 3.04.00' />
  <meta name='ocr-capabilities' content='ocr_page ocr_carea ocr_par ocr_line ocrx_word'/>
</head>
<body>
  <div class='ocr_page' id='page_1' title='image "./operaomniasanct02unkngoog/operaomniasanct02unkngoog_0293.png"; bbox 0 0 3417 4692; ppageno 0'>
   <div class='ocr_carea' id='block_1_1' title="bbox 297 409 1452 3768">
    <p class='ocr_par' dir='ltr' id='par_1_1' title="bbox 302 409 1430 1282">
     <span class='ocr_line' id='line_1_1' title="bbox 406 409 1363 538; baseline -0.004 -36"><span class='ocrx_word' id='word_1_1' title='bbox 406 421 476 502; x_wconf 91' lang='lat' dir='ltr'>IN</span> <span class='ocrx_word' id='word_1_2' title='bbox 500 415 786 538; x_wconf 64' lang='lat' dir='ltr'>arnestat</span> <span class='ocrx_word' id='word_1_3' title='bbox 808 409 1090 504; x_wconf 62' lang='lat' dir='ltr'>H&#39;O&#39;M&#39;IHA</span> <span class='ocrx_word' id='word_1_4' title='bbox 1114 419 1216 501; x_wconf 80' lang='lat' dir='ltr'>XVL</span> <span class='ocrx_word' id='word_1_5' title='bbox 1283 427 1363 524; x_wconf 80' lang='lat'>&#39;&#39;27‘9</span> 
     </span>
     <span class='ocr_line' id='line_1_2' title="bbox 307 579 1380 686; baseline 0.004 -26"><span class='ocrx_word' id='word_1_6' title='bbox 307 582 419 660; x_wconf 90' lang='lat' dir='ltr'>dubio</span> <span class='ocrx_word' id='word_1_7' title='bbox 441 584 569 663; x_wconf 87' lang='lat' dir='ltr'>famem</span> <span class='ocrx_word' id='word_1_8' title='bbox 589 588 695 660; x_wconf 89' lang='lat' dir='ltr'>verbi</span> <span class='ocrx_word' id='word_1_9' title='bbox 717 585 789 663; x_wconf 92' lang='lat' dir='ltr'>Dei</span> <span class='ocrx_word' id='word_1_10' title='bbox 807 587 963 681; x_wconf 84' lang='lat' dir='ltr'>patieris.</span> <span class='ocrx_word' id='word_1_11' title='bbox 1014 585 1162 686; x_wconf 78' lang='lat' dir='ltr'>sivero</span> <span class='ocrx_word' id='word_1_12' title='bbox 1185 585 1230 657; x_wconf 87' lang='lat' dir='ltr'>de</span> <span class='ocrx_word' id='word_1_13' title='bbox 1249 579 1380 664; x_wconf 79' lang='lat' dir='ltr'>Abra.</span> 
     </span>
     <span class='ocr_line' id='line_1_3' title="bbox 305 683 1364 781; baseline -0.002 -21"><span class='ocrx_word' id='word_1_14' title='bbox 305 683 387 760; x_wconf 88' lang='lat' dir='ltr'>ham</span> <span class='ocrx_word' id='word_1_15' title='bbox 403 685 509 779; x_wconf 86' lang='lat' dir='ltr'>stirpe</span> <span class='ocrx_word' id='word_1_16' title='bbox 528 685 737 771; x_wconf 83' lang='lat' dir='ltr'>descendas,</span> <span class='ocrx_word' id='word_1_17' title='bbox 764 688 797 760; x_wconf 84' lang='lat' dir='ltr'>dt</span> <span class='ocrx_word' id='word_1_18' title='bbox 816 688 1042 761; x_wconf 91' lang='lat' dir='ltr'>nobilitatem</span> <span class='ocrx_word' id='word_1_19' title='bbox 1057 683 1236 758; x_wconf 86' lang='lat' dir='ltr'>israelitici</span> <span class='ocrx_word' id='word_1_20' title='bbox 1257 705 1364 781; x_wconf 85' lang='lat' dir='ltr'>gene·</span> 
     </span>
     <span class='ocr_line' id='line_1_4' title="bbox 303 783 1363 880; baseline 0 -22"><span class='ocrx_word' id='word_1_21' title='bbox 303 785 353 858; x_wconf 87' lang='lat' dir='ltr'>ris</span> <span class='ocrx_word' id='word_1_22' title='bbox 371 784 568 880; x_wconf 86' lang='lat' dir='ltr'>custodias,¹</span> <span class='ocrx_word' id='word_1_23' title='bbox 592 785 703 880; x_wconf 87' lang='lat' dir='ltr'>pascit</span> <span class='ocrx_word' id='word_1_24' title='bbox 724 801 761 860; x_wconf 90' lang='lat' dir='ltr'>te</span> <span class='ocrx_word' id='word_1_25' title='bbox 779 787 917 880; x_wconf 86' lang='lat' dir='ltr'>semper</span> <span class='ocrx_word' id='word_1_26' title='bbox 935 790 1014 868; x_wconf 85' lang='lat' dir='ltr'>lex,</span> <span class='ocrx_word' id='word_1_27' title='bbox 1039 783 1189 879; x_wconf 88' lang='lat' dir='ltr'>pascunt</span> <span class='ocrx_word' id='word_1_28' title='bbox 1207 785 1363 878; x_wconf 85' lang='lat' dir='ltr'>prophe·</span> 
     </span>
     <span class='ocr_line' id='line_1_5' title="bbox 305 879 1363 980; baseline 0 -21"><span class='ocrx_word' id='word_1_29' title='bbox 305 895 374 972; x_wconf 80' lang='lat' dir='ltr'>tat,</span> <span class='ocrx_word' id='word_1_30' title='bbox 401 879 649 977; x_wconf 66' lang='lat' dir='ltr'>exhibenttibi</span> <span class='ocrx_word' id='word_1_31' title='bbox 670 887 703 959; x_wconf 69' lang='grc' dir='ltr'>ἐι</span> <span class='ocrx_word' id='word_1_32' title='bbox 720 885 888 980; x_wconf 85' lang='lat' dir='ltr'>Apostoli</span> <span class='ocrx_word' id='word_1_33' title='bbox 905 886 1077 980; x_wconf 84' lang='lat' dir='ltr'>opulenta</span> <span class='ocrx_word' id='word_1_34' title='bbox 1098 885 1283 959; x_wconf 89' lang='lat' dir='ltr'>convivia.</span> <span class='ocrx_word' id='word_1_35' title='bbox 1318 884 1363 959; x_wconf 89' lang='lat' dir='ltr'>In</span> 
     </span>
     <span class='ocr_line' id='line_1_6' title="bbox 303 983 1364 1088; baseline 0 -30"><span class='ocrx_word' id='word_1_36' title='bbox 303 983 436 1075; x_wconf 67' lang='lat' dir='ltr'>sinibus</span> <span class='ocrx_word' id='word_1_37' title='bbox 468 1006 613 1088; x_wconf 89' lang='lat' dir='ltr'>quoque</span> <span class='ocrx_word' id='word_1_38' title='bbox 647 985 847 1069; x_wconf 85' lang='lat' dir='ltr'>Abraham,</span> <span class='ocrx_word' id='word_1_39' title='bbox 879 985 915 1059; x_wconf 81' lang='lat' dir='ltr'>dt</span> <span class='ocrx_word' id='word_1_40' title='bbox 948 985 1061 1067; x_wconf 85' lang='lat' dir='ltr'>Isaac,</span> <span class='ocrx_word' id='word_1_41' title='bbox 1088 983 1122 1057; x_wconf 75' lang='lat' dir='ltr'>tr</span> <span class='ocrx_word' id='word_1_42' title='bbox 1152 984 1290 1078; x_wconf 86' lang='lat' dir='ltr'>Jacob,</span> <span class='ocrx_word' id='word_1_43' title='bbox 1323 983 1364 1059; x_wconf 89' lang='lat' dir='ltr'>in</span> 
     </span>
     <span class='ocr_line' id='line_1_7' title="bbox 302 1083 1430 1282; baseline 0.004 -27"><span class='ocrx_word' id='word_1_44' title='bbox 302 1083 1266 1282; x_wconf 49' lang='lat' dir='ltr'>{ihiiiihtiiihtiit”iiiiiiiiiiii}</span> <span class='ocrx_word' id='word_1_45' title='bbox 1278 1098 1363 1259; x_wconf 68' lang='lat' dir='ltr'>&#39;vid</span> <span class='ocrx_word' id='word_1_46' title='bbox 1427 1137 1430 1144; x_wconf 81' lang='grc'>’</span> 
     </span>
    </p>

    <p class='ocr_par' dir='ltr' id='par_1_2' title="bbox 303 1235 1411 1577">
     <span class='ocr_line' id='line_1_8' title="bbox 350 1235 875 1270; baseline 0 0"><span class='ocrx_word' id='word_1_47' title='bbox 350 1258 352 1263; x_wconf 90' lang='lat'>·</span> <span class='ocrx_word' id='word_1_48' title='bbox 861 1235 875 1270; x_wconf 73' lang='lat'>2</span> 
     </span>
     <span class='ocr_line' id='line_1_9' title="bbox 304 1283 1373 1380; baseline -0.003 -19"><span class='ocrx_word' id='word_1_49' title='bbox 304 1301 422 1373; x_wconf 75' lang='lat' dir='ltr'>vera,</span> <span class='ocrx_word' id='word_1_50' title='bbox 462 1284 588 1371; x_wconf 84' lang='lat' dir='ltr'>vinum</span> <span class='ocrx_word' id='word_1_51' title='bbox 615 1307 755 1379; x_wconf 86' lang='lat' dir='ltr'>novum</span> <span class='ocrx_word' id='word_1_52' title='bbox 780 1307 869 1380; x_wconf 82' lang='lat' dir='ltr'>cum·</span> <span class='ocrx_word' id='word_1_53' title='bbox 891 1285 1032 1359; x_wconf 88' lang='lat' dir='ltr'>Christo</span> <span class='ocrx_word' id='word_1_54' title='bbox 1056 1285 1093 1356; x_wconf 92' lang='lat' dir='ltr'>in</span> <span class='ocrx_word' id='word_1_55' title='bbox 1118 1302 1231 1380; x_wconf 87' lang='lat' dir='ltr'>regno</span> <span class='ocrx_word' id='word_1_56' title='bbox 1250 1283 1373 1375; x_wconf 79' lang='lat' dir='ltr'>patris¹</span> 
     </span>
     <span class='ocr_line' id='line_1_10' title="bbox 305 1379 1411 1481; baseline -0.006 -20"><span class='ocrx_word' id='word_1_57' title='bbox 305 1381 395 1474; x_wconf 82' lang='lat' dir='ltr'>ejus.</span> <span class='ocrx_word' id='word_1_58' title='bbox 447 1379 581 1460; x_wconf 80' lang='lat' dir='ltr'>Athis</span> <span class='ocrx_word' id='word_1_59' title='bbox 608 1386 702 1458; x_wconf 90' lang='lat' dir='ltr'>enim</span> <span class='ocrx_word' id='word_1_60' title='bbox 725 1386 813 1481; x_wconf 75' lang='lat' dir='ltr'>cibis</span> <span class='ocrx_word' id='word_1_61' title='bbox 831 1407 908 1476; x_wconf 83' lang='lat' dir='ltr'>non</span> <span class='ocrx_word' id='word_1_62' title='bbox 929 1383 1074 1479; x_wconf 73' lang='lat' dir='ltr'>possunt</span> <span class='ocrx_word' id='word_1_63' title='bbox 1085 1384 1269 1476; x_wconf 82' lang='lat' dir='ltr'>jejunare,</span> <span class='ocrx_word' id='word_1_64' title='bbox 1293 1402 1363 1454; x_wconf 89' lang='lat' dir='ltr'>nec</span> <span class='ocrx_word' id='word_1_65' title='bbox 1408 1419 1411 1424; x_wconf 91' lang='lat'>·</span> 
     </span>
     <span class='ocr_line' id='line_1_11' title="bbox 303 1479 1318 1577; baseline -0.004 -20"><span class='ocrx_word' id='word_1_66' title='bbox 303 1480 435 1572; x_wconf 61' lang='lat' dir='ltr'>fhtnem</span> <span class='ocrx_word' id='word_1_67' title='bbox 445 1484 519 1576; x_wconf 92' lang='lat' dir='ltr'>pati</span> <span class='ocrx_word' id='word_1_68' title='bbox 534 1482 598 1557; x_wconf 86' lang='lat' dir='ltr'>filii</span> <span class='ocrx_word' id='word_1_69' title='bbox 615 1482 750 1577; x_wconf 81' lang='lat' dir='ltr'>sponsi,</span> <span class='ocrx_word' id='word_1_70' title='bbox 776 1486 895 1559; x_wconf 91' lang='lat' dir='ltr'>donec</span> <span class='ocrx_word' id='word_1_71' title='bbox 912 1506 992 1558; x_wconf 90' lang='lat' dir='ltr'>eum</span> <span class='ocrx_word' id='word_1_72' title='bbox 1004 1485 1083 1577; x_wconf 83' lang='lat' dir='ltr'>iphs</span> <span class='ocrx_word' id='word_1_73' title='bbox 1100 1479 1318 1576; x_wconf 75' lang='lat' dir='ltr'>sstsponsus.</span> 
     </span>
    </p>

    <p class='ocr_par' dir='ltr' id='par_1_3' title="bbox 297 1580 1452 3768">
     <span class='ocr_line' id='line_1_12' title="bbox 380 1580 1364 1679; baseline 0.002 -26"><span class='ocrx_word' id='word_1_74' title='bbox 380 1602 413 1668; x_wconf 81' lang='grc' dir='ltr'>ς.</span> <span class='ocrx_word' id='word_1_75' title='bbox 440 1580 611 1656; x_wconf 85' lang='lat' dir='ltr'>Refertur</span> <span class='ocrx_word' id='word_1_76' title='bbox 631 1583 710 1657; x_wconf 86' lang='lat' dir='ltr'>iane</span> <span class='ocrx_word' id='word_1_77' title='bbox 731 1587 768 1658; x_wconf 93' lang='lat' dir='ltr'>in</span> <span class='ocrx_word' id='word_1_78' title='bbox 791 1583 1111 1678; x_wconf 64' lang='lat' dir='ltr'>consequentibus,</span> <span class='ocrx_word' id='word_1_79' title='bbox 1146 1582 1243 1679; x_wconf 85' lang='lat' dir='ltr'>quod</span> <span class='ocrx_word' id='word_1_80' title='bbox 1267 1595 1364 1655; x_wconf 81' lang='lat' dir='ltr'>terra</span> 
     </span>
     <span class='ocr_line' id='line_1_13' title="bbox 304 1677 1363 1778; baseline -0.001 -24"><span class='ocrx_word' id='word_1_81' title='bbox 304 1677 530 1764; x_wconf 73' lang='lat' dir='ltr'>sacerdotum</span> <span class='ocrx_word' id='word_1_82' title='bbox 549 1682 805 1778; x_wconf 83' lang='lat' dir='ltr'>AEgyptiorum</span> <span class='ocrx_word' id='word_1_83' title='bbox 828 1705 905 1776; x_wconf 77' lang='lat' dir='ltr'>non</span> <span class='ocrx_word' id='word_1_84' title='bbox 922 1685 965 1757; x_wconf 82' lang='lat' dir='ltr'>stt</span> <span class='ocrx_word' id='word_1_85' title='bbox 982 1686 1019 1776; x_wconf 87' lang='lat' dir='ltr'>in</span> <span class='ocrx_word' id='word_1_86' title='bbox 1036 1681 1245 1774; x_wconf 74' lang='lat' dir='ltr'>servitutem</span> <span class='ocrx_word' id='word_1_87' title='bbox 1261 1679 1363 1753; x_wconf 71' lang='lat' dir='ltr'>redet·</span> 
     </span>
     <span class='ocr_line' id='line_1_14' title="bbox 305 1777 1364 1880; baseline 0 -28"><span class='ocrx_word' id='word_1_88' title='bbox 305 1777 361 1867; x_wconf 74' lang='lat' dir='ltr'>cho</span> <span class='ocrx_word' id='word_1_89' title='bbox 379 1779 578 1864; x_wconf 84' lang='lat' dir='ltr'>Pharaoni,</span> <span class='ocrx_word' id='word_1_90' title='bbox 602 1793 721 1878; x_wconf 82' lang='lat' dir='ltr'>neque</span> <span class='ocrx_word' id='word_1_91' title='bbox 738 1804 818 1880; x_wconf 82' lang='lat' dir='ltr'>cum</span> <span class='ocrx_word' id='word_1_92' title='bbox 836 1786 973 1868; x_wconf 86' lang='lat' dir='ltr'>caeteris</span> <span class='ocrx_word' id='word_1_93' title='bbox 990 1783 1171 1879; x_wconf 82' lang='lat' dir='ltr'>¹AEgyptiia</span> <span class='ocrx_word' id='word_1_94' title='bbox 1190 1779 1364 1854; x_wconf 87' lang='lat' dir='ltr'>vendide-</span> 
     </span>
     <span class='ocr_line' id='line_1_15' title="bbox 299 1877 1420 1976; baseline 0.002 -25"><span class='ocrx_word' id='word_1_95' title='bbox 299 1878 379 1966; x_wconf 82' lang='lat' dir='ltr'>rint</span> <span class='ocrx_word' id='word_1_96' title='bbox 395 1877 619 1975; x_wconf 84' lang='lat' dir='ltr'>semetipsos,</span> <span class='ocrx_word' id='word_1_97' title='bbox 644 1881 702 1972; x_wconf 80' lang='lat' dir='ltr'>{hd</span> <span class='ocrx_word' id='word_1_98' title='bbox 719 1884 816 1974; x_wconf 92' lang='lat' dir='ltr'>quod</span> <span class='ocrx_word' id='word_1_99' title='bbox 830 1882 1047 1976; x_wconf 54' lang='lat' dir='ltr'>extrinsecus</span> <span class='ocrx_word' id='word_1_100' title='bbox 1060 1881 1285 1971; x_wconf 88' lang='lat' dir='ltr'>acceperint,</span> <span class='ocrx_word' id='word_1_101' title='bbox 1300 1880 1363 1953; x_wconf 86' lang='lat' dir='ltr'>vel</span> <span class='ocrx_word' id='word_1_102' title='bbox 1390 1943 1396 1962; x_wconf 84' lang='grc'><strong><em>,</em></strong></span> <span class='ocrx_word' id='word_1_103' title='bbox 1416 1881 1420 1888; x_wconf 88' lang='grc'><strong>’</strong></span> 
     </span>
     <span class='ocr_line' id='line_1_16' title="bbox 304 1973 1362 2078; baseline 0 -27"><span class='ocrx_word' id='word_1_104' title='bbox 304 1978 512 2066; x_wconf 78' lang='lat' dir='ltr'>fntmenta,</span> <span class='ocrx_word' id='word_1_105' title='bbox 545 1983 607 2077; x_wconf 81' lang='lat' dir='ltr'>vel</span> <span class='ocrx_word' id='word_1_106' title='bbox 619 1973 795 2078; x_wconf 77' lang='lat' dir='ltr'>munem,</span> <span class='ocrx_word' id='word_1_107' title='bbox 821 2005 897 2076; x_wconf 77' lang='lat' dir='ltr'>non</span> <span class='ocrx_word' id='word_1_108' title='bbox 919 1981 1117 2076; x_wconf 87' lang='lat' dir='ltr'>a·Joseph,</span> <span class='ocrx_word' id='word_1_109' title='bbox 1143 1979 1202 2052; x_wconf 91' lang='lat' dir='ltr'>sed</span> <span class='ocrx_word' id='word_1_110' title='bbox 1219 1982 1262 2052; x_wconf 88' lang='lat' dir='ltr'>ab</span> <span class='ocrx_word' id='word_1_111' title='bbox 1284 1977 1362 2078; x_wconf 79' lang='lat' dir='ltr'>ipso</span> 
     </span>
     <span class='ocr_line' id='line_1_17' title="bbox 302 2075 1364 2176; baseline 0.003 -26"><span class='ocrx_word' id='word_1_112' title='bbox 302 2075 516 2173; x_wconf 75' lang='lat' dir='ltr'>Pharaone,</span> <span class='ocrx_word' id='word_1_113' title='bbox 542 2080 576 2174; x_wconf 77' lang='lat' dir='ltr'>dt</span> <span class='ocrx_word' id='word_1_114' title='bbox 594 2095 746 2175; x_wconf 84' lang='lat' dir='ltr'>propter</span> <span class='ocrx_word' id='word_1_115' title='bbox 763 2075 835 2157; x_wconf 88' lang='lat' dir='ltr'>h&#39;oc</span> <span class='ocrx_word' id='word_1_116' title='bbox 852 2097 1018 2176; x_wconf 77' lang='lat' dir='ltr'>tanquam</span> <span class='ocrx_word' id='word_1_117' title='bbox 1034 2080 1279 2154; x_wconf 84' lang='lat' dir='ltr'>familiariores</span> <span class='ocrx_word' id='word_1_118' title='bbox 1298 2083 1364 2153; x_wconf 83' lang='lat' dir='ltr'>cae&#39;·</span> 
     </span>
     <span class='ocr_line' id='line_1_18' title="bbox 303 2175 1363 2275; baseline 0.003 -27"><span class='ocrx_word' id='word_1_119' title='bbox 303 2177 419 2270; x_wconf 78' lang='lat' dir='ltr'>teris,</span> <span class='ocrx_word' id='word_1_120' title='bbox 452 2200 528 2252; x_wconf 94' lang='lat' dir='ltr'>non</span> <span class='ocrx_word' id='word_1_121' title='bbox 550 2182 779 2275; x_wconf 83' lang='lat' dir='ltr'>vendiderint</span> <span class='ocrx_word' id='word_1_122' title='bbox 800 2198 932 2258; x_wconf 85' lang='lat' dir='ltr'>terram</span> <span class='ocrx_word' id='word_1_123' title='bbox 955 2181 1049 2255; x_wconf 91' lang='lat' dir='ltr'>suam</span> <span class='ocrx_word' id='word_1_124' title='bbox 1068 2179 1271 2254; x_wconf 85' lang='lat' dir='ltr'>Pharaoni:</span> <span class='ocrx_word' id='word_1_125' title='bbox 1302 2175 1363 2251; x_wconf 90' lang='lat' dir='ltr'>sed</span> 
     </span>
     <span class='ocr_line' id='line_1_19' title="bbox 303 2271 1361 2378; baseline 0.001 -30"><span class='ocrx_word' id='word_1_126' title='bbox 303 2295 370 2369; x_wconf 89' lang='lat' dir='ltr'>per</span> <span class='ocrx_word' id='word_1_127' title='bbox 383 2278 456 2349; x_wconf 91' lang='lat' dir='ltr'>hoc</span> <span class='ocrx_word' id='word_1_128' title='bbox 468 2282 661 2370; x_wconf 85' lang='lat' dir='ltr'>nequiores</span> <span class='ocrx_word' id='word_1_129' title='bbox 678 2271 747 2355; x_wconf 88' lang='lat' dir='ltr'>esse</span> <span class='ocrx_word' id='word_1_130' title='bbox 768 2284 905 2372; x_wconf 64' lang='lat' dir='ltr'>ceteris</span> <span class='ocrx_word' id='word_1_131' title='bbox 926 2281 1183 2378; x_wconf 77' lang='lat' dir='ltr'>ostenduntur,</span> <span class='ocrx_word' id='word_1_132' title='bbox 1211 2279 1271 2371; x_wconf 92' lang='lat' dir='ltr'>qui</span> <span class='ocrx_word' id='word_1_133' title='bbox 1291 2281 1361 2371; x_wconf 86' lang='lat' dir='ltr'>prh</span> 
     </span>
     <span class='ocr_line' id='line_1_20' title="bbox 302 2375 1364 2477; baseline 0.003 -30"><span class='ocrx_word' id='word_1_134' title='bbox 302 2375 412 2465; x_wconf 79' lang='lat' dir='ltr'>nimia</span> <span class='ocrx_word' id='word_1_135' title='bbox 427 2376 680 2477; x_wconf 68' lang='lat' dir='ltr'>familiaritate,</span> <span class='ocrx_word' id='word_1_136' title='bbox 707 2403 784 2474; x_wconf 86' lang='lat' dir='ltr'>quae</span> <span class='ocrx_word' id='word_1_137' title='bbox 797 2398 874 2454; x_wconf 91' lang='lat' dir='ltr'>erat</span> <span class='ocrx_word' id='word_1_138' title='bbox 885 2382 935 2474; x_wconf 73' lang='lat' dir='ltr'>eis</span> <span class='ocrx_word' id='word_1_139' title='bbox 954 2403 1034 2454; x_wconf 90' lang='lat' dir='ltr'>cum</span> <span class='ocrx_word' id='word_1_140' title='bbox 1045 2379 1252 2470; x_wconf 83' lang='lat' dir='ltr'>Pharaone,</span> <span class='ocrx_word' id='word_1_141' title='bbox 1273 2375 1364 2450; x_wconf 87' lang='lat' dir='ltr'>nihii</span> 
     </span>
     <span class='ocr_line' id='line_1_21' title="bbox 302 2474 1364 2584; baseline 0 -36"><span class='ocrx_word' id='word_1_142' title='bbox 302 2477 562 2557; x_wconf 79' lang='lat' dir='ltr'>immutationis</span> <span class='ocrx_word' id='word_1_143' title='bbox 582 2481 784 2584; x_wconf 70' lang='lat' dir='ltr'>recipiunt,</span> <span class='ocrx_word' id='word_1_144' title='bbox 809 2479 867 2553; x_wconf 92' lang='lat' dir='ltr'>sed</span> <span class='ocrx_word' id='word_1_145' title='bbox 888 2493 1098 2575; x_wconf 88' lang='lat' dir='ltr'>permanent</span> <span class='ocrx_word' id='word_1_146' title='bbox 1114 2481 1151 2550; x_wconf 93' lang='lat' dir='ltr'>in</span> <span class='ocrx_word' id='word_1_147' title='bbox 1171 2479 1263 2551; x_wconf 86' lang='lat' dir='ltr'>mala</span> <span class='ocrx_word' id='word_1_148' title='bbox 1284 2474 1364 2570; x_wconf 85' lang='lat' dir='ltr'>pos-</span> 
     </span>
     <span class='ocr_line' id='line_1_22' title="bbox 301 2571 1363 2674; baseline 0 -26"><span class='ocrx_word' id='word_1_149' title='bbox 301 2571 469 2670; x_wconf 72' lang='lat' dir='ltr'>sessione,</span> <span class='ocrx_word' id='word_1_150' title='bbox 496 2577 530 2651; x_wconf 72' lang='lat' dir='ltr'>tr</span> <span class='ocrx_word' id='word_1_151' title='bbox 549 2577 639 2672; x_wconf 77' lang='lat' dir='ltr'>sieut</span> <span class='ocrx_word' id='word_1_152' title='bbox 656 2581 732 2672; x_wconf 87' lang='lat' dir='ltr'>his,</span> <span class='ocrx_word' id='word_1_153' title='bbox 758 2580 816 2671; x_wconf 92' lang='lat' dir='ltr'>qui</span> <span class='ocrx_word' id='word_1_154' title='bbox 834 2583 872 2658; x_wconf 91' lang='lat' dir='ltr'>in</span> <span class='ocrx_word' id='word_1_155' title='bbox 889 2578 960 2674; x_wconf 71' lang='lat' dir='ltr'>side</span> <span class='ocrx_word' id='word_1_156' title='bbox 986 2578 1021 2652; x_wconf 80' lang='lat' dir='ltr'>dc</span> <span class='ocrx_word' id='word_1_157' title='bbox 1041 2576 1222 2651; x_wconf 73' lang='lat' dir='ltr'>sanctitate</span> <span class='ocrx_word' id='word_1_158' title='bbox 1240 2576 1363 2669; x_wconf 82' lang='lat' dir='ltr'>profe·</span> 
     </span>
     <span class='ocr_line' id='line_1_23' title="bbox 304 2675 1363 2776; baseline -0.002 -30"><span class='ocrx_word' id='word_1_159' title='bbox 304 2688 452 2771; x_wconf 61' lang='lat' dir='ltr'>cesant,</span> <span class='ocrx_word' id='word_1_160' title='bbox 478 2676 567 2774; x_wconf 61' lang='lat' dir='ltr'>dicit</span> <span class='ocrx_word' id='word_1_161' title='bbox 584 2678 763 2772; x_wconf 74' lang='lat' dir='ltr'>Dominus</span> <span class='ocrx_word' id='word_1_162' title='bbox 781 2700 791 2751; x_wconf 79' lang='lat' dir='ltr'>t</span> <span class='ocrx_word' id='word_1_163' title='bbox 827 2683 910 2776; x_wconf 62' lang='lat' dir='ltr'>Jeme</span> <span class='ocrx_word' id='word_1_164' title='bbox 926 2702 993 2748; x_wconf 80' lang='lat' dir='ltr'>nen</span> <span class='ocrx_word' id='word_1_165' title='bbox 1009 2679 1074 2748; x_wconf 83' lang='lat' dir='ltr'>dt&#39;co</span> <span class='ocrx_word' id='word_1_166' title='bbox 1094 2679 1287 2766; x_wconf 73' lang='lat' dir='ltr'>versertur,</span> <span class='ocrx_word' id='word_1_167' title='bbox 1309 2675 1363 2764; x_wconf 70' lang='lat' dir='ltr'>fid</span> 
     </span>
     <span class='ocr_line' id='line_1_24' title="bbox 301 2768 1363 2872; baseline -0.003 -21"><span class='ocrx_word' id='word_1_168' title='bbox 301 2780 431 2864; x_wconf 65' lang='lat' dir='ltr'>noricos,</span> <span class='ocrx_word' id='word_1_169' title='bbox 456 2768 510 2871; x_wconf 77' lang='lat' dir='ltr'>ita</span> <span class='ocrx_word' id='word_1_170' title='bbox 524 2776 660 2870; x_wconf 74' lang='lat' dir='ltr'>dicit&amp;</span> <span class='ocrx_word' id='word_1_171' title='bbox 672 2777 743 2864; x_wconf 79' lang='lat' dir='ltr'>istis</span> <span class='ocrx_word' id='word_1_172' title='bbox 761 2778 922 2872; x_wconf 79' lang='lat' dir='ltr'>Pharao,</span> <span class='ocrx_word' id='word_1_173' title='bbox 948 2789 1116 2868; x_wconf 89' lang='lat' dir='ltr'>tanquam</span> <span class='ocrx_word' id='word_1_174' title='bbox 1136 2775 1197 2868; x_wconf 70' lang='lat' dir='ltr'>qui</span> <span class='ocrx_word' id='word_1_175' title='bbox 1210 2773 1254 2867; x_wconf 76' lang='lat' dir='ltr'>ad</span> <span class='ocrx_word' id='word_1_176' title='bbox 1274 2773 1363 2848; x_wconf 86' lang='lat' dir='ltr'>suni·</span> 
     </span>
     <span class='ocr_line' id='line_1_25' title="bbox 301 2874 1361 2973; baseline -0.001 -26"><span class='ocrx_word' id='word_1_177' title='bbox 301 2893 399 2958; x_wconf 88' lang='lat' dir='ltr'>mum</span> <span class='ocrx_word' id='word_1_178' title='bbox 416 2876 563 2972; x_wconf 69' lang='lat' dir='ltr'>gradum</span> <span class='ocrx_word' id='word_1_179' title='bbox 585 2880 755 2973; x_wconf 69' lang='lat' dir='ltr'>nequitie¹</span> <span class='ocrx_word' id='word_1_180' title='bbox 772 2878 807 2951; x_wconf 77' lang='grc' dir='ltr'>δι</span> <span class='ocrx_word' id='word_1_181' title='bbox 827 2879 870 2951; x_wconf 91' lang='lat' dir='ltr'>ad</span> <span class='ocrx_word' id='word_1_182' title='bbox 889 2876 1125 2972; x_wconf 61' lang='lat' dir='ltr'>sacerdotium</span> <span class='ocrx_word' id='word_1_183' title='bbox 1146 2874 1361 2971; x_wconf 78' lang='lat' dir='ltr'>perditionis</span> 
     </span>
     <span class='ocr_line' id='line_1_26' title="bbox 302 2971 1363 3074; baseline 0.001 -29"><span class='ocrx_word' id='word_1_184' title='bbox 302 2971 547 3068; x_wconf 78' lang='lat' dir='ltr'>ascenderint,</span> <span class='ocrx_word' id='word_1_185' title='bbox 574 2981 655 3074; x_wconf 78' lang='lat' dir='ltr'>Jam</span> <span class='ocrx_word' id='word_1_186' title='bbox 674 3003 740 3050; x_wconf 80' lang='lat' dir='ltr'>nen</span> <span class='ocrx_word' id='word_1_187' title='bbox 761 2980 826 3050; x_wconf 81' lang='lat' dir='ltr'>dico</span> <span class='ocrx_word' id='word_1_188' title='bbox 844 2980 1042 3068; x_wconf 68' lang='lat' dir='ltr'>versorum,</span> <span class='ocrx_word' id='word_1_189' title='bbox 1061 2977 1118 3064; x_wconf 81' lang='lat' dir='ltr'>sed</span> <span class='ocrx_word' id='word_1_190' title='bbox 1137 2978 1258 3045; x_wconf 75' lang='lat' dir='ltr'>amicos.</span> <span class='ocrx_word' id='word_1_191' title='bbox 1284 2973 1363 3046; x_wconf 67' lang='grc' dir='ltr'>θέ-</span> 
     </span>
     <span class='ocr_line' id='line_1_27' title="bbox 301 3071 1452 3172; baseline 0.001 -29"><span class='ocrx_word' id='word_1_192' title='bbox 301 3074 411 3164; x_wconf 86' lang='lat' dir='ltr'>nique</span> <span class='ocrx_word' id='word_1_193' title='bbox 426 3074 603 3169; x_wconf 71' lang='lat' dir='ltr'>visseim,</span> <span class='ocrx_word' id='word_1_194' title='bbox 629 3078 714 3170; x_wconf 90' lang='lat' dir='ltr'>quid</span> <span class='ocrx_word' id='word_1_195' title='bbox 726 3078 864 3152; x_wconf 83' lang='lat' dir='ltr'>interfit</span> <span class='ocrx_word' id='word_1_196' title='bbox 879 3078 974 3172; x_wconf 74' lang='lat' dir='ltr'>inter</span> <span class='ocrx_word' id='word_1_197' title='bbox 992 3075 1196 3166; x_wconf 74' lang='lat' dir='ltr'>sacerdotes</span> <span class='ocrx_word' id='word_1_198' title='bbox 1208 3071 1299 3165; x_wconf 90' lang='lat' dir='ltr'>Dei,</span> <span class='ocrx_word' id='word_1_199' title='bbox 1324 3071 1362 3166; x_wconf 77' lang='lat' dir='ltr'>dt</span> <span class='ocrx_word' id='word_1_200' title='bbox 1449 3103 1452 3108; x_wconf 95' lang='lat'>·</span> 
     </span>
     <span class='ocr_line' id='line_1_28' title="bbox 300 3170 1361 3274; baseline -0.001 -29"><span class='ocrx_word' id='word_1_201' title='bbox 300 3170 505 3247; x_wconf 86' lang='lat' dir='ltr'>sacerdotes</span> <span class='ocrx_word' id='word_1_202' title='bbox 522 3174 746 3274; x_wconf 55' lang='lat' dir='ltr'>Pharaonis}</span> <span class='ocrx_word' id='word_1_203' title='bbox 779 3174 916 3268; x_wconf 75' lang='lat' dir='ltr'>Pharao</span> <span class='ocrx_word' id='word_1_204' title='bbox 934 3189 1046 3264; x_wconf 88' lang='lat' dir='ltr'>terras</span> <span class='ocrx_word' id='word_1_205' title='bbox 1064 3174 1235 3269; x_wconf 76' lang='lat' dir='ltr'>concedit</span> <span class='ocrx_word' id='word_1_206' title='bbox 1249 3172 1361 3245; x_wconf 84' lang='lat' dir='ltr'>sacer·</span> 
     </span>
     <span class='ocr_line' id='line_1_29' title="bbox 301 3271 1361 3373; baseline -0.001 -29"><span class='ocrx_word' id='word_1_207' title='bbox 301 3271 447 3346; x_wconf 88' lang='lat' dir='ltr'>dotibus</span> <span class='ocrx_word' id='word_1_208' title='bbox 470 3272 565 3368; x_wconf 77' lang='lat' dir='ltr'>suis,</span> <span class='ocrx_word' id='word_1_209' title='bbox 589 3275 768 3365; x_wconf 77' lang='lat' dir='ltr'>Dominus</span> <span class='ocrx_word' id='word_1_210' title='bbox 791 3291 910 3373; x_wconf 78' lang='lat' dir='ltr'>autem</span> <span class='ocrx_word' id='word_1_211' title='bbox 929 3273 1173 3348; x_wconf 87' lang='lat' dir='ltr'>sacerdotibus</span> <span class='ocrx_word' id='word_1_212' title='bbox 1193 3272 1262 3346; x_wconf 89' lang='lat' dir='ltr'>suis</span> <span class='ocrx_word' id='word_1_213' title='bbox 1279 3291 1361 3366; x_wconf 85' lang='lat' dir='ltr'>par·</span> 
     </span>
     <span class='ocr_line' id='line_1_30' title="bbox 299 3369 1361 3471; baseline 0.005 -27"><span class='ocrx_word' id='word_1_214' title='bbox 299 3384 375 3446; x_wconf 90' lang='lat' dir='ltr'>tem</span> <span class='ocrx_word' id='word_1_215' title='bbox 395 3393 471 3446; x_wconf 89' lang='lat' dir='ltr'>non</span> <span class='ocrx_word' id='word_1_216' title='bbox 489 3375 660 3468; x_wconf 77' lang='lat' dir='ltr'>concedit</span> <span class='ocrx_word' id='word_1_217' title='bbox 678 3377 716 3449; x_wconf 89' lang='lat' dir='ltr'>in</span> <span class='ocrx_word' id='word_1_218' title='bbox 737 3389 863 3471; x_wconf 80' lang='lat' dir='ltr'>terra,</span> <span class='ocrx_word' id='word_1_219' title='bbox 896 3375 956 3460; x_wconf 77' lang='lat' dir='ltr'>sed</span> <span class='ocrx_word' id='word_1_220' title='bbox 978 3374 1157 3448; x_wconf 84' lang='lat' dir='ltr'>diciteis:</span> <span class='ocrx_word' id='word_1_221' title='bbox 1181 3371 1263 3470; x_wconf 83' lang='lat' dir='ltr'>Ego</span> <span class='ocrx_word' id='word_1_222' title='bbox 1284 3369 1361 3449; x_wconf 81' lang='lat' dir='ltr'>sunt</span> 
     </span>
     <span class='ocr_line' id='line_1_31' title="bbox 297 3471 1359 3572; baseline -0.001 -29"><span class='ocrx_word' id='word_1_223' title='bbox 297 3489 381 3564; x_wconf 89' lang='lat' dir='ltr'>pars</span> <span class='ocrx_word' id='word_1_224' title='bbox 398 3471 526 3567; x_wconf 79' lang='lat' dir='ltr'>vestra,</span> <span class='ocrx_word' id='word_1_225' title='bbox 578 3473 782 3569; x_wconf 76' lang='lat' dir='ltr'>Observato</span> <span class='ocrx_word' id='word_1_226' title='bbox 793 3496 881 3572; x_wconf 83' lang='lat' dir='ltr'>ergo</span> <span class='ocrx_word' id='word_1_227' title='bbox 897 3475 958 3568; x_wconf 84' lang='lat' dir='ltr'>qui</span> <span class='ocrx_word' id='word_1_228' title='bbox 975 3475 1052 3548; x_wconf 83' lang='lat' dir='ltr'>haec</span> <span class='ocrx_word' id='word_1_229' title='bbox 1069 3472 1208 3570; x_wconf 82' lang='lat' dir='ltr'>tegitis,</span> <span class='ocrx_word' id='word_1_230' title='bbox 1231 3475 1359 3546; x_wconf 82' lang='lat' dir='ltr'>omnes</span> 
     </span>
     <span class='ocr_line' id='line_1_32' title="bbox 297 3568 1361 3668; baseline 0.001 -26"><span class='ocrx_word' id='word_1_231' title='bbox 297 3568 450 3646; x_wconf 92' lang='lat' dir='ltr'>Domini</span> <span class='ocrx_word' id='word_1_232' title='bbox 468 3570 695 3668; x_wconf 84' lang='lat' dir='ltr'>sacerdotes,</span> <span class='ocrx_word' id='word_1_233' title='bbox 721 3576 755 3653; x_wconf 78' lang='lat' dir='ltr'>dt</span> <span class='ocrx_word' id='word_1_234' title='bbox 774 3575 919 3668; x_wconf 90' lang='lat' dir='ltr'>videte,</span> <span class='ocrx_word' id='word_1_235' title='bbox 945 3593 1023 3666; x_wconf 81' lang='lat' dir='ltr'>quae</span> <span class='ocrx_word' id='word_1_236' title='bbox 1036 3572 1078 3646; x_wconf 80' lang='lat' dir='ltr'>sit</span> <span class='ocrx_word' id='word_1_237' title='bbox 1093 3569 1299 3645; x_wconf 87' lang='lat' dir='ltr'>differentia</span> <span class='ocrx_word' id='word_1_238' title='bbox 1310 3568 1361 3644; x_wconf 88' lang='lat' dir='ltr'>sa·</span> 
     </span>
     <span class='ocr_line' id='line_1_33' title="bbox 299 3670 1360 3768; baseline 0 -26"><span class='ocrx_word' id='word_1_239' title='bbox 299 3671 509 3766; x_wconf 89' lang='lat' dir='ltr'>cerdotum,</span> <span class='ocrx_word' id='word_1_240' title='bbox 535 3672 717 3767; x_wconf 76' lang='lat' dir='ltr'>neforto,</span> <span class='ocrx_word' id='word_1_241' title='bbox 745 3676 805 3765; x_wconf 90' lang='lat' dir='ltr'>qui</span> <span class='ocrx_word' id='word_1_242' title='bbox 821 3685 957 3768; x_wconf 90' lang='lat' dir='ltr'>partem</span> <span class='ocrx_word' id='word_1_243' title='bbox 972 3673 1108 3746; x_wconf 90' lang='lat' dir='ltr'>habent</span> <span class='ocrx_word' id='word_1_244' title='bbox 1126 3672 1163 3744; x_wconf 92' lang='lat' dir='ltr'>in</span> <span class='ocrx_word' id='word_1_245' title='bbox 1182 3684 1297 3761; x_wconf 87' lang='lat' dir='ltr'>terra,</span> <span class='ocrx_word' id='word_1_246' title='bbox 1324 3670 1360 3742; x_wconf 83' lang='lat' dir='ltr'>dt</span> 
     </span>
    </p>
   </div>
   <div class='ocr_carea' id='block_1_2' title="bbox 297 3770 1464 3867">
    <p class='ocr_par' dir='ltr' id='par_1_4' title="bbox 297 3770 1464 3867">
     <span class='ocr_line' id='line_1_34' title="bbox 297 3770 1464 3867; baseline -0.002 -27"><span class='ocrx_word' id='word_1_247' title='bbox 297 3772 451 3844; x_wconf 89' lang='lat' dir='ltr'>terrenis</span> <span class='ocrx_word' id='word_1_248' title='bbox 470 3774 624 3853; x_wconf 88' lang='lat' dir='ltr'>cultibus</span> <span class='ocrx_word' id='word_1_249' title='bbox 640 3794 682 3861; x_wconf 79' lang='lat' dir='ltr'>ac</span> <span class='ocrx_word' id='word_1_250' title='bbox 699 3774 820 3848; x_wconf 83' lang='lat' dir='ltr'>studiis</span> <span class='ocrx_word' id='word_1_251' title='bbox 837 3788 992 3867; x_wconf 85' lang='lat' dir='ltr'>vacant,</span> <span class='ocrx_word' id='word_1_252' title='bbox 1016 3785 1178 3845; x_wconf 86' lang='lat' dir='ltr'>nontam</span> <span class='ocrx_word' id='word_1_253' title='bbox 1190 3770 1358 3862; x_wconf 83' lang='lat' dir='ltr'>Domini,</span> <span class='ocrx_word' id='word_1_254' title='bbox 1443 3813 1464 3839; x_wconf 61' lang='lat' dir='ltr'>,r</span> 
     </span>
    </p>
   </div>
   <div class='ocr_carea' id='block_1_3' title="bbox 298 3867 1359 4063">
    <p class='ocr_par' dir='ltr' id='par_1_5' title="bbox 298 3867 1359 4063">
     <span class='ocr_line' id='line_1_35' title="bbox 298 3867 1359 3961; baseline 0 -21"><span class='ocrx_word' id='word_1_255' title='bbox 298 3889 403 3961; x_wconf 90' lang='lat' dir='ltr'>quam</span> <span class='ocrx_word' id='word_1_256' title='bbox 420 3870 615 3946; x_wconf 86' lang='lat' dir='ltr'>Pharaonis</span> <span class='ocrx_word' id='word_1_257' title='bbox 636 3872 839 3946; x_wconf 85' lang='lat' dir='ltr'>sacerdotes</span> <span class='ocrx_word' id='word_1_258' title='bbox 867 3870 937 3945; x_wconf 81' lang='lat' dir='ltr'>effe</span> <span class='ocrx_word' id='word_1_259' title='bbox 963 3872 1166 3946; x_wconf 88' lang='lat' dir='ltr'>videantur.</span> <span class='ocrx_word' id='word_1_260' title='bbox 1217 3868 1284 3941; x_wconf 82' lang='lat' dir='ltr'>lite</span> <span class='ocrx_word' id='word_1_261' title='bbox 1307 3867 1359 3940; x_wconf 87' lang='lat' dir='ltr'>est</span> 
     </span>
     <span class='ocr_line' id='line_1_36' title="bbox 298 3963 1357 4063; baseline 0.003 -24"><span class='ocrx_word' id='word_1_262' title='bbox 298 3970 421 4063; x_wconf 82' lang='lat' dir='ltr'>enim,</span> <span class='ocrx_word' id='word_1_263' title='bbox 455 3973 515 4061; x_wconf 89' lang='lat' dir='ltr'>qui</span> <span class='ocrx_word' id='word_1_264' title='bbox 534 3974 617 4045; x_wconf 90' lang='lat' dir='ltr'>vult</span> <span class='ocrx_word' id='word_1_265' title='bbox 635 3970 838 4046; x_wconf 74' lang='lat' dir='ltr'>sacerdotes</span> <span class='ocrx_word' id='word_1_266' title='bbox 867 3970 948 4045; x_wconf 90' lang='lat' dir='ltr'>suos</span> <span class='ocrx_word' id='word_1_267' title='bbox 969 3972 1103 4045; x_wconf 87' lang='lat' dir='ltr'>habere</span> <span class='ocrx_word' id='word_1_268' title='bbox 1126 3963 1357 4061; x_wconf 82' lang='lat' dir='ltr'>posseffiones</span> 
     </span>
    </p>
   </div>
   <div class='ocr_carea' id='block_1_4' title="bbox 295 4054 1464 4266">
    <p class='ocr_par' dir='ltr' id='par_1_6' title="bbox 295 4054 1464 4266">
     <span class='ocr_line' id='line_1_37' title="bbox 295 4054 1464 4252; baseline -0.007 -110"><span class='ocrx_word' id='word_1_269' title='bbox 295 4080 496 4167; x_wconf 84' lang='lat' dir='ltr'>terrarum,</span> <span class='ocrx_word' id='word_1_270' title='bbox 528 4068 756 4149; x_wconf 80' lang='lat' dir='ltr'>&amp;exercere</span> <span class='ocrx_word' id='word_1_271' title='bbox 780 4072 876 4252; x_wconf 67' lang='lat' dir='ltr'>asgri,</span> <span class='ocrx_word' id='word_1_272' title='bbox 908 4089 986 4147; x_wconf 89' lang='lat' dir='ltr'>non</span> <span class='ocrx_word' id='word_1_273' title='bbox 1009 4073 1133 4147; x_wconf 83' lang='lat' dir='ltr'>animae</span> <span class='ocrx_word' id='word_1_274' title='bbox 1155 4070 1358 4178; x_wconf 61' lang='lat' dir='ltr'>culurranrr,</span> <span class='ocrx_word' id='word_1_275' title='bbox 1434 4054 1464 4134; x_wconf 71' lang='lat' dir='ltr'>&#39;i</span> 
     </span>
     <span class='ocr_line' id='line_1_38' title="bbox 353 4183 1336 4266; baseline -0.007 -24"><span class='ocrx_word' id='word_1_276' title='bbox 353 4211 355 4216; x_wconf 93' lang='lat'>-</span> <span class='ocrx_word' id='word_1_277' title='bbox 833 4194 862 4266; x_wconf 76' lang='lat'>4</span> <span class='ocrx_word' id='word_1_278' title='bbox 1241 4183 1336 4247; x_wconf 60' lang='lat' dir='ltr'>rura</span> 
     </span>
    </p>
   </div>
   <div class='ocr_carea' id='block_1_5' title="bbox 0 0 1714 4692">
    <p class='ocr_par' dir='ltr' id='par_1_7' title="bbox 0 0 1714 4692">
     <span class='ocr_line' id='line_1_39' title="bbox 0 0 1714 4692; baseline 0 2"><span class='ocrx_word' id='word_1_279' title='bbox 0 0 1714 4692; x_wconf 95' lang='lat' dir='ltr'> </span> 
     </span>
    </p>
   </div>
  </div>
 </body>
</html>
