3417 4692
531 267 1212 442 satacrnru'axooom
1326 305 1463 438 327(

331 501 453 599 perdit
474 504 668 597 cinaedum,
698 504 820 578 eadem
843 500 1011 594 disperdit
1032 502 1223 575 habentem
1246 500 1400 574 fermen-

331 616 409 676 tum
430 606 466 674 in
484 604 595 675 domo
617 600 675 675 iua
699 603 755 675 die
774 606 995 695 azymorum
1022 635 1025 640 ·
1047 599 1107 676 An
1124 601 1199 673 hoc
1220 601 1305 673 Deo
1326 604 1399 696 dig-

329 722 416 776 num
437 701 470 778 ⁸2.
489 702 622 776 Hocne
651 704 717 799 legi
751 701 881 774 caelesti
909 698 1222 775 consentaneum?
1258 701 1399 790 Verum

333 802 505 892 dixerim,
533 801 719 893 siquidem
743 804 873 880 habeas
901 800 1114 874 fermentum
1140 801 1303 892 malitiae,
1329 819 1398 871 neo

330 902 547 976 fermentum
573 923 680 984 omne
712 904 879 993 nequitie
907 897 1081 994 disperdas
1109 899 1153 971 de
1180 915 1241 972 tua
1275 916 1398 973 mente

333 998 431 1095 (haec
453 1002 546 1081 enim
570 995 658 1074 ve'ra
675 1018 735 1073 tua
757 1004 885 1078 domus
896 998 977 1097 est)
1000 997 1249 1073 universorum
1274 1000 1395 1073 Deum

325 1102 483 1195 jubere,
518 1113 558 1172 ut
580 1099 816 1193 disperdatis,
854 1102 913 1192 qui
941 1115 1048 1174 vetus
1077 1100 1291 1173 fermentum
1316 1116 1395 1172 ate

327 1220 407 1273 non
436 1201 620 1291 abjeceris,
671 1199 826 1274 Necelie
854 1201 949 1273 enim
970 1198 1049 1292 est,
1077 1216 1118 1271 ut
1140 1221 1220 1272 cum
1249 1201 1392 1272 veneris

329 1299 374 1378 ad
391 1312 532 1394 tempus-
554 1320 760 1391 novorum,
788 1321 908 1379 novus
927 1298 1007 1393 ipse·
1021 1296 1192 1392 effeiius,
1219 1299 1308 1371 nihil
1333 1322 1394 1370 ve·

328 1398 413 1471 tusti
448 1400 615 1473 retineas.
672 1405 787 1471 ls'erera
825 1400 1048 1495 raanfieranr,
1088 1399 1151 1473 dac.
1206 1398 1300 1470 Vide
1325 1418 1394 1489 qua

303 1499 471 1570 *ratione
501 1499 654 1577 debebat
670 1498 841 1581 ¹solemne
873 1500 928 1599 agi
958 1496 1086 1585 festum
1117 1519 1327 1604 azymorum
1356 1498 1393 1569 in
1479 1573 1482 1578 ,

326 1596 447 1676 mense
465 1619 662 1679 novorum,
955 1600 958 1606 ’

406 1692 550 1790 Unguis
567 1700 683 1784 limen,
710 1696 748 1772 θ
760 1699 853 1794 super
869 1698 967 1775 ammi
981 1698 1095 1800 paster,
1122 1701 1158 1768 de
1167 1698 1326 1796 sunguine
1338 1704 1393 1794 qui
1427 1721 1431 1732 ·

328 1797 368 1896 efl
378 1801 476 1895 juxta
496 1798 633 1894 oflium.]
661 1797 787 1872 Limen
806 1798 974 1889 quidem,
999 1813 1042 1874 ui
1058 1799 1231 1889 maiouim
1252 1797 1394 1889 quidam

327 1895 517 1991 exposuit,
548 1899 698 1978 rationis
724 1899 797 1979 vim
815 1903 832 1988 ς’
860 1900 984 1982 ambos
1006 1912 1124 1982 autern
1149 1898 1292 2001 postes,
1318 1901 1393 1971 vim

326 1996 413 2089 irae,
440 2018 481 2070 ac
502 1995 716 2089 cupiditatis,
1156 2062 1158 2066 .
1380 2021 1385 2030 ·

405 2093 585 2197 Ejusdem]
614 2096 712 2168 Non·
729 2098 821 2179 enim
848 2099 1189 2186 exterminatorem
1218 2083 1297 2169 cum
1319 2098 1413 2188 jam,

325 2195 423 2269 intus
441 2211 609 2286 receptus
633 2195 706 2287 est,
733 2212 809 2274 arte
832 2199 1063 2290 expellimus,
1091 2185 1214 2268 sedne
1238 2198 1390 2275 omnino

325 2293 522 2385 subintret,
550 2297 628 2392 lege
644 2317 824 2377 cavemus,
878 2296 919 2378 ln
937 2319 983 2369 eo
1001 2311 1120 2376 autem
1138 2297 1253 2387 poirta
1267 2298 1389 2367 cautio
1482 2315 1484 2320 ·

328 2416 371 2467 ac
385 2394 597 2488 presidium,
609 2394 826 2491 'fiingrelius
841 2396 949 2480 limen
966 2418 1008 2480 ac.
1020 2395 1141 2489 postes
1157 2396 1238 2489 agni
1256 2393 1391 2492 sangui·
1482 2483 1484 2491 ἢ

325 2513 374 2569 ne
394 2493 580 2589 signemus.x
1026 2493 1029 2498 ’

347 2645 352 2657 r
409 2594 538 2665 Fabium
555 2593 595 2689 efi
611 2609 715 2668 autem
730 2592 1014 2673 madianitarum,
1040 2590 1080 2674 Φ
1098 2598 1256 2669 Dominus
1269 2592 1391 2688 percul-

315 2690 365 2794 ssr
384 2718 472 2765 omne
487 2699 730 2798 prinugenirum
748 2698 785 2761 in
805 2711 892 2764 terra
906 2696 1065 2786 AEgppri.
1116 2692 1216 2764 Deus
1237 2711 1389 2781 namque
1483 2742 1484 2748 η

326 2813 392 2888 per
417 2793 580 2889 Angelos
616 2792 718 2865 hasce
749 2792 933 2875 lethiferas
963 2795 1082 2887 plagas
1114 2792 1301 2883 immittit,
1336 2791 1391 2863 uti

328 2894 435 2967 etiam
447 2897 483 2968 in
497 2893 706 2988 Regnorum
720 2893 817 2965 libris
835 2894 1003 2987 legimus,
1026 2889 1213 2984 quomodo
1227 2891 1388 2984 Angelus

325 3014 403 3070 una
416 2991 524 3064 nodie
549 3003 693 3069 centum
708 2992 903 3090 ¹otioginta
923 2992 1208 3096 quinquemillia
1228 2987 1390 3082 Aiiyrio-

327 3113 407 3166 rum
426 3092 572 3172 occidit.
1181 3093 1183 3097 ’

405 3195 480 3263 Hac
501 3193 541 3289 epi
566 3195 618 3267 lex
646 3191 779 3284 Pascha.
832 3195 944 3262 Omnis
968 3191 1147 3287 alienigena
1167 3187 1234 3262 'aton
1258 3188 1389 3262 mmet

304 3295 306 3302 '
327 3294 365 3363 de
385 3316 427 3369 er.
482 3294 527 3365 Et
542 3317 661 3366 omnem
684 3292 851 3394 cujuspiam
869 3290 1055 3384 famulum,
1074 3297 1261 3390 servumque
1279 3293 1389 3385 empti·

327 3397 411 3466 tium
424 3396 619 3470 circumcides
635 3416 720 3480 eum,
745 3391 783 3468 U
802 3406 882 3466 tunc
899 3391 1029 3462 comedet
1043 3395 1079 3462 de
1092 3417 1141 3479 eo,
1156 3387 1256 3484 -&c.]
1283 3388 1389 3463 Ordi-
1475 3476 1477 3480 Ι

326 3511 376 3565 ne
398 3491 553 3585 quodam
572 3492 690 3571 adeas
709 3512 786 3587 que
805 3489 999 3589 proposrtae
1014 3488 1113 3585 sunt,
1139 3491 1216 3564 haec
1238 3492 1299 3563 lex
1317 3502 1389 3562 ter-

326 3592 378 3664 tia
392 3589 464 3684 est,
483 3613 586 3685 quam
596 3592 776 3668 Dominus
792 3589 923 3664 iterum
940 3592 1184 3687 promulgavit
1196 3602 1324 3684 praeter
1339 3589 1390 3660 le-

326 3711 388 3787 ges
406 3692 503 3765 duas.
555 3689 719 3768 Attende
735 3705 853 3763 autem
874 3687 1055 3783 scripture
1077 3690 1313 3789 diligentiam
1339 3688 1388 3759 le·

328 3812 408 3887 gem
423 3790 542 3885 hanc,
560 3811 629 3882 qua
641 3790 768 3884 pascha
780 3788 954 3878 sancitur,
980 3810 1056 3863 non
1075 3812 1093 3863 a
1110 3790 1290 3884 principio
1304 3787 1388 3858 tulit

326 3888 519 3966 Dominus.
555 3888 704 3982 Alioqui
725 3909 805 3961 cum
822 3889 937 3962 adhuc
954 3888 1065 3963 ellent
1079 3887 1319 3985 indigypto,
1343 3905 1387 3956 ec

326 3988 480 4066 necdum
499 3988 665 4084 profesto
679 3988 824 4070 israele,
850 3987 1047 4062 srdixiiler:
1082 3994 1191 4059 Omnis
1213 3988 1389 4077 aliemgena

618 4087 870 4189 '.X4
1273 4105 1446 4200 eurr·¹
