3417 4692
429 354 496 493 ru
521 397 1216 514 enunsrunonnnmxu.
1291 415 1362 510 267
1466 353 1469 358 ¹

304 563 459 672 tinguere.
510 571 696 666 Tanquam
710 594 798 670 ergo
814 575 886 647 tale
906 573 1036 665 aliquid
1052 571 1166 670 paffus
1186 574 1293 649 fuerit
1305 576 1362 673 Ja-

306 679 403 769 cob,
430 677 532 768 qualo
552 675 678 766 Paulus
695 675 866 767 praecepit
886 669 962 745 fieri
980 694 1056 746 non
1073 675 1225 768 debere,
1253 678 1286 749 ἂ
1307 683 1370 751 rei

303 776 487 873 paraverit
508 773 623 870 seper
647 797 707 867 ea,
735 795 812 864 quae
828 773 861 846 ei
882 775 1050 845 nunciata
1065 773 1207 847 fuerant
1226 775 1270 848 de
1283 778 1361 850 vita

304 874 457 976 Joseph,
484 876 612 947 dicitur
630 875 673 947 de
689 895 752 946 eo:
783 875 828 944 Et
844 877 1015 945 reaccendit
1028 873 1178 969 spiratum
1186 877 1281 965 suum
1299 881 1363 972 Jo-

304 977 372 1065 aab,
398 977 436 1054 U
448 977 533 1045 dixit
548 977 658 1065 lsrael:
686 980 840 1068 Magnum
859 975 941 1043 mihi
953 974 1006 1069 ιβ,
1031 974 1168 1065 fictilem
1175 979 1268 1067 filius
1280 1001 1364 1048 meus

308 1073 429 1175 Joseph
449 1080 552 1150 vivit.
616 1074 685 1145 Sed
707 1073 779 1146 hoc
801 1071 1061 1146 observandum
1088 1071 1161 1162 est,
1194 1075 1274 1167 quia
1301 1079 1369 1168 qui'

304 1175 511 1250 reaccendit
528 1172 685 1268 spiritum
704 1171 819 1257 suum,
848 1196 928 1246 eum
946 1170 1100 1264 scilicet,
1127 1173 1187 1266 qui
1202 1175 1295 1269 p'ene
1310 1178 1368 1248 vi·¹

307 1275 458 1349 debatur
479 1273 679 1367 extinctus,
705 1272 819 1367 Jacob
841 1274 993 1363 dicitur;
1018 1274 1079 1345 ille
1097 1289 1216 1348 autem
1239 1277 1298 1367 qui
1315 1276 1368 1347 dis

262 1455 266 1466 ι
307 1378 376 1470 cit:
404 1380 562 1468 Magnum
577 1374 659 1442 mihi
675 1375 733 1468 esi,
751 1375 781 1467 fi
792 1376 888 1463 filius
905 1400 987 1442 meus
1002 1373 1120 1469 Joseph
1137 1378 1246 1457 uiuit,
1270 1375 1365 1466 quast

305 1475 507 1572 intelligens
529 1474 563 1545 &
582 1473 706 1546 videns
728 1495 888 1567 magnam
908 1472 976 1546 effe
994 1474 1127 1567 vitam,
1157 1495 1234 1564 quae
1257 1475 1364 1547 estin

308 1573 464 1670 Joseph,
490 1573 651 1666 spiritalis
668 1573 732 1646 iste
753 1593 828 1645 non
840 1572 912 1666 jam
929 1573 1066 1667 Jacob,
1093 1572 1151 1646 sed
1165 1571 1269 1646 lsrael
1283 1570 1364 1647 scri·

306 1675 425 1764 bitur,
452 1689 618 1766 tanquam
635 1674 694 1762 qui
709 1686 829 1746 mente
847 1673 969 1745 videat
987 1692 1109 1745 veram
1125 1673 1259 1766 vitam,
1287 1695 1366 1765 que

307 1773 359 1847 est
379 1793 486 1847 verus
511 1775 608 1844 Deus
624 1770 801 1845 Christus.
854 1766 944 1846 Non
961 1770 1074 1847 solum
1092 1785 1209 1845 autem
1230 1774 1275 1846 de
1291 1775 1372 1846 hoc
1454 1776 1467 1818 ·'

306 1890 428 1948 motus
446 1871 515 1966 est,
543 1872 640 1964 quod
657 1873 815 1962 audivit,
843 1874 924 1964 quia
942 1873 1367 1969 Josephfiltustuasvioire
1440 1895 1442 1900 ·

309 1972 368 2045 sed
381 1973 415 2048 δι
429 1972 472 2044 de
484 1974 547 2043 illo
564 1973 735 2063 maxime,
762 1972 861 2063 quod
873 1974 1124 2046 annunciatum
1141 1969 1191 2045 est
1206 1974 1259 2065 ei,
1284 1973 1367 2062 quia

308 2072 380 2165 ipse
395 2071 456 2160 fit,
482 2073 542 2162 qui
560 2072 797 2164 principatum
817 2085 940 2145 teneat
960 2071 1073 2144 totius
1092 2069 1254 2168 AEgypti.
1280 2072 1370 2145 Hoc

310 2173 404 2245 enim
422 2191 509 2242 vere
525 2192 688 2265 magnum
706 2170 756 2244 est
768 2173 821 2263 ei,
847 2172 946 2263 quod
958 2172 994 2244 in
1009 2171 1185 2246 ditionem
1201 2170 1293 2246 suam
1313 2191 1367 2244 re·

308 2267 630 2368 degitAEgyptum.
682 2269 828 2343 Calcare
844 2272 937 2344 enim
950 2272 1153 2364 libidinem,
1179 2270 1368 2367 fugerelu-

308 2366 465 2463 xuriam,
494 2369 690 2460 omnesque
716 2373 924 2463 voluptates
949 2372 1115 2463 corporis
1139 2389 1302 2464 premere
1326 2389 1369 2442 ac

309 2471 471 2561 frenare,
497 2471 570 2543 hoc
591 2467 641 2541 est
665 2470 1048 2566 principatumgerere
1066 2470 1181 2542 totius
1202 2469 1368 2567 AEgypti.

309 2567 359 2641 Et
373 2571 445 2641 hoc
463 2566 535 2659 est,
561 2568 658 2659 quod
680 2569 771 2660 apud
787 2567 889 2642 israel
902 2589 1066 2666 magnum
1081 2567 1249 2662 ducitur,
1273 2568 1369 2641 &in
1479 2651 1483 2668 1

310 2670 544 2741 admiratione
568 2669 731 2740 habetur.
783 2665 818 2738 Si
848 2669 924 2759 quis
953 2687 1044 2741 vero
1070 2667 1143 2757 est,
1171 2669 1230 2758 qui
1253 2669 1370 2758 aliqua

310 2769 452 2857 quidem
473 2768 563 2839 vitia
583 2766 749 2858 corporis
773 2763 959 2863 subjuget,
1000 2767 1076 2840 aliis
1097 2787 1190 2840 vero
1211 2765 1370 2840 cedat&

310 2866 519 2960 subjaceat,
546 2867 590 2938 de
615 2864 682 2938 isto
705 2886 782 2938 non
805 2866 943 2963 integre
960 2865 1118 2958 dicitur,
1140 2867 1221 2960 quia
1240 2866 1371 2959 princi·
1393 2885 1409 2943 ,“

311 2980 433 3061 patum
456 2968 528 3061 agit
551 2966 663 3037 totius
683 2979 788 3036 terrae
804 2963 984 3063 AEgypti,
1019 2965 1077 3038 sed
1098 2962 1224 3062 (verbi
1247 2962 1370 3062 causa)

312 3068 417 3136 unius
441 3065 564 3156 forte,
591 3077 652 3136 aut
671 3065 838 3158 duarum,
865 3067 926 3139 vel
940 3066 1046 3139 trium
1066 3065 1252 3138 civitatum
1270 3063 1372 3137 vide·

311 3165 408 3237 bitur
423 3184 547 3261 gerere
562 3165 810 3257 principatum.
860 3163 993 3261 Joseph
1004 3186 1097 3238 vero
1108 3165 1166 3237 cui
1182 3164 1278 3238 nulla
1291 3169 1372 3236 co'r5

311 3265 410 3357 poris
426 3264 538 3336 libido
556 3264 736 3336 dominata
752 3262 822 3356 est,
850 3265 963 3336 totius
982 3262 1133 3362 AEgypti
1152 3263 1320 3357 Princeps
1339 3255 1375 3336 ἃ

313 3366 491 3436 Dominus
510 3362 589 3436 fuit.
641 3362 742 3434 Dicit
756 3383 843 3459 ergo
860 3385 935 3438 non
949 3364 1021 3458 jam
1038 3363 1173 3458 Jacob,
1197 3364 1256 3438 sed
1268 3360 1375 3437 Israel

313 3460 505 3536 reaccenso
524 3462 664 3556 spiritu:
692 3468 850 3555 Magnum
863 3467 945 3533 milri
958 3465 1017 3562 efl,
1033 3464 1067 3553 ‘fi
1084 3465 1186 3562 adhuc
1202 3464 1375 3561 Josephfi·
1392 3525 1395 3530 .

313 3564 373 3633 lius
390 3588 473 3633 meus
488 3567 601 3648 vivit,
629 3562 675 3631 ibe
691 3560 731 3637 ὅ
744 3564 853 3632 videbo
876 3588 943 3632 rum
959 3579 1129 3658 antequam
1143 3567 1266 3634 morior.
1302 3560 1377 3635 Sed
1431 3587 1433 3592 ’

313 3683 359 3734 ne
381 3653 453 3736 ho'c
476 3661 618 3753 quidem
639 3660 756 3734 otiose
778 3662 1051 3754 relinquendum
1073 3661 1149 3757 est,
1176 3663 1275 3753 quod
1298 3681 1376 3735 non

315 3761 485 3853 animam,
507 3759 566 3833 sed
580 3759 756 3853 spiritum,
783 3774 948 3851 tanquam
961 3761 1146 3835 meliorem
1159 3760 1209 3833 sui
1222 3771 1375 3856 partem,

315 3860 574 3951 resuscitatum,
602 3863 663 3932 vel
676 3859 903 3933 reaccensum
918 3860 1014 3935 dicit.
1049 3860 1227 3954 Splendor
1242 3861 1377 3934 etenim
1475 3855 1483 3879 ”

315 3961 425 4051 lucis,
452 3960 513 4051 qui
534 3973 611 4032 erat
631 3961 669 4030 in
690 3979 765 4050 eo,
795 3962 901 4031 etiam
920 3960 944 4032 fi
963 3959 1139 4033 extinctus
1158 3960 1260 4032 ineo
1279 3959 1378 4050 peni-

315 4071 374 4130 tus
396 4080 473 4131 non
497 4057 569 4150 est,
595 4073 684 4133 tunc
704 4079 785 4133 cum
807 4060 1024 4133 obtulerunt·
1033 4057 1104 4133 filu
1124 4059 1199 4151 ejus
1221 4060 1379 4134 tunicam

1142 4187 1145 4192 ·
1176 4155 1355 4249 inicum,
