3417 4692
451 375 519 454 IN
545 373 827 454 GENESIM
850 379 1180 460 HOM1L1A1.
1280 403 1350 480 145

291 539 405 635 fecit,
422 539 457 613 dt
472 560 535 634 per
544 507 640 633 haec,
657 560 734 632 que
747 537 956 636 magnitudo
971 539 1126 616 hominia
1138 541 1202 636 lit,
1225 544 1351 620 adver·

290 653 419 716 tamus,
473 645 514 712 ln
526 645 686 737 principio
698 641 780 733 fecit
795 645 885 712 Deus
904 645 1010 712 coelum
1027 640 1065 717 d
1084 661 1214 716 terram.
1249 645 1352 720 Simi.

289 741 373 814 liter
394 740 467 811 ait:
495 741 542 810 Et
556 739 639 833 fecit
654 743 712 812 dua
725 742 902 812 luminario
924 765 1045 834 magno
1095 739 1146 814 Et
1163 761 1261 814 nunc
1283 745 1351 822 ite·

291 859 393 932 mm,
431 841 598 909 Faciamus
617 840 782 914 hominm.
839 842 882 915 ln
902 841 956 912 his
983 837 1067 913 solis
1088 838 1222 914 factura
1244 843 1350 936 ipsius

290 937 365 1012 Dei
386 936 618 1031 adscribitur,
642 941 681 1013 in
699 939 773 1014 aliis
790 961 882 1014 vero
896 937 1086 1031 nusquam:
1119 936 1179 1012 sed
1198 955 1354 1016 tantum-

291 1035 405 1112 modo
427 1039 552 1110 coelum
573 1037 607 1112 ἃ
625 1052 738 1132 terra,
765 1038 817 1114 sol
832 1039 867 1113 &
884 1042 968 1110 luna
981 1059 1022 1110 ac
1041 1036 1169 1128 stella,
1197 1037 1351 1115 &nunc
1478 1075 1481 1082 ·

292 1137 408 1212 homo
425 1157 448 1208 a
468 1137 552 1209 Deo
571 1135 661 1210 faita
678 1137 776 1234 sunt,
803 1140 923 1214 omnia
939 1159 1033 1212 vero
1052 1139 1187 1228 reliqua
1198 1139 1352 1228 judione

294 1237 370 1330 ejus
386 1234 554 1309 fanaeffe
568 1239 746 1314 dicuntur.
774 1235 828 1311 Ex
841 1239 914 1314 hoc
927 1257 1014 1333 ergo
1029 1235 1224 1328 considera,
1239 1260 1351 1328 quan·

281 1348 330 1408 τι
346 1333 390 1408 lit
407 1338 612 1431 magnitudo
629 1338 803 1430 hominis,
830 1339 890 1429 qui
912 1352 984 1410 tam
1001 1331 1137 1432 magnit
1161 1337 1350 1412 elementis
1368 1365 1371 1376 ·

290 1447 435 1526 tamque
460 1436 644 1528 praecipuis
675 1438 908 1529 adaequatur,
949 1436 1010 1528 qui
1040 1436 1149 1508 habet
1168 1437 1351 1512 honorem

291 1535 399 1624 coeli,
442 1550 591 1626 propter
617 1536 773 1626 quod&
797 1537 970 1608 coelorum
994 1533 1027 1608 ei
1050 1536 1275 1630 promittitur
1294 1557 1351 1609 re·
1388 1599 1396 1614 ,

289 1653 411 1728 gnum.
463 1633 584 1706 Habet
607 1634 761 1708 &terrae
780 1635 984 1724 honorem,
1019 1634 1185 1724 quoniam
1205 1636 1350 1725 quidem

287 1731 478 1804 interram
503 1733 660 1825 bonam,
689 1734 722 1806 &
747 1751 879 1808 terram
905 1735 1075 1806 vivorum
1099 1731 1270 1806 liuentem
1293 1737 1351 1808 lac

287 1830 323 1903 o
339 1831 412 1904 mel
426 1831 563 1927 ingredi
579 1828 705 1923 sperat
757 1833 878 1907 Habet
893 1836 1072 1907 honorem
1089 1830 1170 1904 solis
1190 1833 1223 1906 &
1239 1835 1348 1928 lunae,

286 1929 422 2004 habens
439 1931 741 2021 repromiffionem
757 1933 893 2028 fulgere
913 1932 1002 2006 ficut
1015 1930 1066 2006 sol
1084 1930 1120 2004 in
1134 1952 1248 2026 regno
1264 1931 1348 2010 Dei.

368 2049 425 2120 13.
450 2031 540 2103 lllud
559 2029 638 2104 sane
660 2034 764 2104 etiam
783 2035 996 2106 eminentius
1011 2031 1047 2102 in
1063 2029 1264 2103 conditone
1282 2032 1351 2105 ho·

287 2129 393 2204 minis
409 2129 540 2220 video,
567 2132 666 2220 quod
689 2133 770 2205 alibi
786 2153 863 2204 non
880 2131 1030 2204 invenio
1055 2129 1206 2223 dietum,
1236 2133 1281 2202 Et
1294 2131 1353 2223 fe-

285 2236 332 2300 cit
355 2231 446 2299 Deus
461 2230 633 2327 dominon,
666 2233 706 2302 ad
724 2239 890 2324 imaginem
922 2237 983 2300 llei
1000 2229 1082 2321 ferit
1102 2254 1183 2306 eum.
1235 2229 1349 2329 Quod

285 2345 406 2418 neque
425 2328 463 2401 in
488 2329 614 2422 coelo,
645 2349 763 2421 neque
783 2331 960 2421 interra,
992 2347 1109 2419 neque
1127 2330 1166 2402 in
1192 2325 1267 2401 sole
1286 2330 1354 2404 vel

237 2455 241 2502 t
286 2425 373 2502 luna
397 2426 598 2502 invenimus
629 2428 851 2522 adscriptum.
901 2427 1011 2502 Huuo
1036 2427 1116 2500 sane
1137 2429 1348 2521 hominem,

288 2546 396 2620 quem
414 2525 501 2600 dicit
521 2527 564 2599 ad
586 2527 773 2626 imaginem
794 2529 866 2602 Dei
894 2525 1047 2618 fabum,
1080 2547 1158 2601 non
1183 2528 1349 2622 intelligi·

237 2621 240 2714 ἶ
285 2646 366 2702 mus
396 2628 634 2720 corporalem.
703 2626 794 2700 Non
818 2628 911 2702 enim
945 2627 1111 2718 corporis
1139 2623 1351 2719 figmentum

237 2725 239 2812 ζ
285 2721 358 2798 Dei
372 2722 559 2820 imaginem
578 2727 766 2818 continet,
793 2746 910 2818 neque
927 2723 1038 2798 lacius
1060 2723 1131 2798 effe
1147 2726 1346 2817 corporalis

237 2817 239 2868 l
286 2823 402 2900 homo
426 2824 578 2919 dicium,
605 2822 664 2900 sed
689 2817 901 2918 plasmatus,
925 2824 1015 2898 licut
1038 2824 1086 2896 in.
1101 2821 1350 2914 consequenti-

287 2923 356 2997 bus
370 2921 536 3016 scriptum
551 2921 612 2999 est.
663 2924 853 2998 Aitenim:
884 2925 1058 3013 Plasmaolr
1080 2923 1349 2998 Deuslrominem.
1422 2933 1425 2940 ‘

287 3019 330 3098 Id
342 3017 396 3095 est
409 3019 515 3095 finxit
525 3021 569 3095 de
580 3036 683 3096 terrae
700 3025 798 3099 limo.
824 3022 858 3097 ls
871 3037 1009 3117 autem,
1024 3024 1082 3115 qui
1100 3022 1143 3096 ad
1159 3023 1350 3117 imaginem

286 3117 361 3194 Dei
375 3117 487 3194 fadus
501 3120 601 3195 est&
620 3124 662 3195 ad
677 3123 957 3214 srmilitudinem,
982 3124 1135 3196 interior
1153 3123 1265 3194 homo
1282 3143 1349 3195 no·

287 3215 359 3294 ster
380 3218 453 3313 est,
483 3219 667 3294 invisrbilis
688 3222 723 3295 dr
744 3223 978 3318 incorruptus
997 3237 1104 3313 atque
1125 3222 1348 3296 immortalis.

288 3317 330 3392 ln
348 3319 403 3392 his
419 3321 513 3394 enim
531 3322 658 3393 talibus
681 3321 751 3394 Dei
767 3325 884 3417 imago
902 3319 1031 3396 rebilus
1048 3321 1270 3415 intelligitur.
1310 3319 1349 3394 Si

292 3417 451 3510 quivero
460 3420 556 3492 hunc
565 3439 784 3514 corporeum
792 3435 922 3516 putent
934 3419 1020 3511 elle,
1029 3420 1089 3511 qui
1103 3418 1351 3514 adimaginem

289 3515 594 3592 &similitudinem
605 3517 795 3594 Deifastus
806 3520 870 3614 est,
881 3515 1119 3613 Deumipsunt
1130 3537 1350 3612 corporeum

288 3615 496 3690 &bumana
508 3618 634 3690 formae
648 3619 816 3692 videntur
828 3621 1019 3692 inducere:
1042 3617 1142 3710 quod
1158 3615 1289 3689 sentire
1302 3617 1349 3690 de

286 3711 375 3790 Deo
390 3716 657 3791 manifestillime
671 3718 815 3810 impium
829 3717 891 3794 est.
928 3718 1095 3809 Denique
1117 3719 1274 3806 carnalep
1293 3715 1350 3788 isti

285 3813 477 3910 homines,
509 3815 543 3888 dt
568 3817 805 3909 incorporalis
825 3819 885 3908 qui
909 3816 1128 3892 intelledlum
1149 3813 1348 3888 divinitatis

285 3915 479 4010 ignorant,
519 3913 630 3988 srcubi
649 3918 685 3988 in
708 3914 889 4010 scripturis
911 3915 955 3990 de
980 3918 1063 3989 Deo
1087 3917 1230 4010 legunt,
1266 3914 1349 4005 quia

286 4016 394 4088 calum
411 4014 490 4084 milti
498 4014 583 4104 sedes
598 4014 657 4113 ql,
682 4018 770 4090 terra
784 4034 889 4090 antem
899 4015 1061 4099 [cabellum
1068 4019 1180 4113 pedum
1191 4038 1348 4104 mearum,

341 4118 487 4220 Origmis
516 4110 604 4188 Tm.
634 4117 677 4191 V.
933 4111 972 4191 K
1066 4187 1069 4192 ,
1201 4109 1317 4207 luipa-
