3417 4692
264 477 267 486 .
340 377 1252 536 ,coumnurrnrnrnonuusru
1312 432 1357 507 η

286 594 358 665 que
373 572 588 664 superantis:
600 569 690 670 >sed
705 584 840 646 naturae
854 572 928 644 illae
936 570 1155 665 superiores,
1181 594 1266 665 quas
1281 574 1360 668 plu·

283 675 385 746 ribus
404 671 485 746 sane
502 673 547 746 de
563 671 671 746 caus1s
686 693 763 746 eam
780 671 817 744 in
834 673 1081 770 cognitionem
1097 675 1223 747 venire
1238 672 1359 748 neces·

283 769 318 846 se
335 774 401 865 est,
427 772 480 845 uti
496 773 663 865 deinceps
678 793 747 866 pro
765 788 875 865 captu
885 771 1009 846 nostro
1021 770 1357 852 demonstrabimus.

285 873 464 947 Homines
483 887 601 946 autem
619 872 718 964 quod
735 874 909 945 nonnulla
936 873 972 945 id
990 873 1125 968 genus,
1157 875 1218 946 vel
1237 873 1358 947 obser·

284 973 518 1064 rationibus,
544 974 606 1045 vel
621 971 874 1069 Angelorum,
902 974 1060 1065 quicum
1081 973 1162 1046 suos
1182 973 1245 1069 ips
1262 974 1356 1054 fines

284 1072 538 1164 transilierint,
565 1085 641 1146 tum
660 1074 800 1169 generis
817 1074 853 1144 in
871 1070 983 1145 nostri
999 1074 1196 1166 perniciem
1211 1072 1274 1148 ista
1291 1073 1359 1148 do·

285 1173 444 1265 cuerint,
470 1172 957 1262 informatione-didicerint,
984 1194 1111 1246 corum
1126 1173 1239 1265 srmul,
1265 1196 1359 1268 quo·
1412 1182 1416 1190 “

283 1293 365 1346 rum
385 1269 681 1368 significationem
697 1273 740 1348 iis
762 1269 936 1365 scriptura
953 1274 1107 1366 tribuit,
1132 1271 1296 1348 austures
1316 1278 1357 1349 il·

282 1375 341 1446 los
363 1369 432 1446 else
453 1387 694 1467 putaverunt,
723 1372 889 1465 aquibus
916 1395 958 1446 ea
986 1371 1019 1446 se
1046 1374 1234 1467 percipere
1261 1375 1357 1472 signa

286 1471 509 1565 credebant,
537 1475 619 1575 Qua
632 1474 677 1546 de
699 1491 739 1545 re
760 1469 956 1546 summatim
971 1480 1124 1566 ‘quoque
1149 1473 1356 1569 paulopost,

284 1569 344 1644 sed
365 1586 486 1646 tamen
508 1593 576 1667 pro
597 1572 718 1648 nostra
733 1570 907 1645 facultate
927 1574 1113 1668 diligenter
1132 1574 1166 1646 dt
1187 1588 1358 1649 accurate

285 1670 553 1765 disputabimus.
603 1673 727 1764 Atque
745 1674 821 1747 haec
839 1686 947 1746 erunt
966 1672 1134 1746 institute
1154 1673 1356 1766 quaestionis

285 1773 421 1866 capita:
449 1772 509 1865 qui
522 1769 599 1847 fieri
613 1773 739 1866 pollit,
765 1786 807 1848 ut
821 1794 902 1848 curn
920 1795 983 1866 ea,
1001 1794 1079 1865 quae
1093 1795 1114 1846 a
1130 1795 1276 1866 quoque
1292 1772 1357 1850 lie·

283 1872 315 1943 ri
341 1870 529 1946 censentur
557 1874 701 1966 omnia,
735 1876 899 1946 exomni
921 1873 1022 1945 Deus
1045 1876 1246 1948 aeternitate
1267 1896 1357 1968 prae·

282 1973 457 2064 noverit,
485 1971 544 2046 sua
559 1969 680 2046 tamen
698 1974 881 2047 voluntati
894 1972 1024 2046 nostrae
1041 1976 1095 2047 vis
1113 1973 1355 2067 voluntasque

283 2071 466 2145 servetur:
493 2074 681 2166 quomodo
700 2093 820 2145 rerum
834 2074 987 2164 illarum,
1002 2094 1079 2166 quae
1096 2075 1280 2172 hominum
1296 2097 1357 2172 ge·

284 2174 364 2244 neri
383 2173 587 2267 eveniunt,
612 2173 706 2269 signa
726 2172 868 2264 quidem
888 2174 999 2246 sidera
1018 2173 1107 2264 lint,
1134 2173 1243 2246 causae
1263 2195 1355 2249 vero

285 2272 452 2345 minime:
479 2276 711 2365 quamobrem
738 2285 873 2345 certam
896 2274 928 2346 dt
954 2274 1162 2365 exquisitam
1189 2275 1356 2348 homines

287 2372 489 2446 earumdem
518 2392 637 2446 rerum
659 2372 908 2545 cognitionem
933 2374 1065 2448 habere
1091 2394 1167 2448 non
1191 2374 1356 2469 possint,

287 2469 346 2543 sed
372 2472 508 2545 naturis
528 2473 681 2548 humana
720 2471 947 2565 uperioribus
974 2475 1159 2566 proposita
1177 2474 1272 2570 figna
1295 2476 1357 2550 illa

287 2572 378 2643 sint:
405 2593 485 2645 nam
506 2571 673 2664 quorsum
686 2571 808 2645 iisdem
824 2595 869 2645 ex
887 2573 990 2668 signis
1006 2574 1137 2665 aliquid
1154 2590 1298 2649 naturas
1316 2576 1357 2648 il·
1461 2599 1463 2604 ·

287 2673 339 2743 las
357 2673 578 2769 cognitionis
596 2672 737 2746 haurire
752 2672 854 2746 Deus
868 2675 1042 2761 voluerit,
1070 2689 1199 2765 quarto
1215 2675 1358 2752 demum

288 2772 378 2844 loco
394 2793 600 2864 queremus.
628 2771 820 2847 Ordiamur
838 2793 857 2844 a
872 2772 1011 2866 primo,
1034 2774 1072 2867 in
1088 2794 1160 2866 quo
1176 2773 1260 2848 dum
1275 2796 1361 2848 cau·

289 2871 404 2944 tiores
431 2870 499 2945 effe
525 2873 736 2946 Graecorum
760 2873 922 2965 plerique
948 2875 1109 2966 vellent,
1135 2873 1305 2967 quodque
1331 2873 1357 2950 st

288 2971 376 3043 Deo
396 2972 601 3046 futurorum
620 2972 800 3069 praenotio
818 2972 1060 3066 tribueretur,
1087 2973 1161 3047 vim
1179 2976 1287 3047 rebus
1305 2974 1358 3048 in·

290 3072 377 3143 ferri
389 3086 579 3165 putarent,
606 3095 647 3145 ac
660 3074 862 3145 voluntatis
881 3072 1010 3145 nostrae
1025 3075 1104 3165 jura
1116 3075 1269 3166 violari,
1295 3095 1358 3148 ne·

288 3172 444 3265 sarium,
477 3173 695 3264 impiumque
715 3173 845 3269 dogma
864 3170 1037 3266 suscipere
1058 3186 1217 3268 temere,
1253 3196 1358 3266 quarn

290 3274 443 3346 alterum
455 3271 543 3344 illud
559 3274 713 3365 probare
728 3275 950 3363 maluerunt,
979 3273 1077 3364 quod
1092 3274 1177 3347 Deo
1193 3274 1357 3369 quidem,

289 3370 355 3466 (ut
381 3371 443 3466 ipsr
467 3374 686 3467 loquuntur)
716 3372 839 3468 gloriae
863 3372 1034 3467 cederet,
1073 3394 1198 3449 verum
1222 3376 1359 3450 arbitrii

288 3469 402 3545 nostri
421 3472 516 3567 vim,
543 3472 800 3546 &facultatem
819 3485 1024 3565 everteret,
1050 3473 1220 3566 simulque
1235 3474 1357 3569 proin·
1411 3527 1416 3534 -

276 3572 341 3643 -de'
361 3593 505 3646 omnem
528 3594 609 3645 cum
634 3574 738 3646 laude
757 3572 1095 3666 vituperationem,
1129 3571 1162 3647 dt
1185 3573 1357 3666 quidquid
1423 3661 1426 3666 Ι
1460 3629 1464 3642 .

290 3685 353 3743 aut
375 3671 426 3745 est
451 3670 761 3765 compledtendum
785 3673 823 3745 in
846 3673 1009 3764 virture,
1046 3674 1164 3747 autin
1184 3673 1278 3746 vitio
1303 3694 1358 3748 re·

288 3771 596 3863 prehendendum.
646 3770 871 3864 Enimvero,
905 3773 1096 3866 inquiunt,
1129 3773 1276 3848 sihunc
1297 3788 1390 3849 aut‘

290 3875 389 3962 illurn
410 3873 508 3944 Deus
526 3869 735 3965 injuriosum
755 3870 938 3964 futurum,
965 3872 991 3945 sr
1012 3874 1074 3946 has
1098 3885 1159 3946 aut
1178 3873 1255 3947 illas
1269 3875 1360 3967 inju-

288 3978 357 4044 rssas
377 3975 557 4046 illaturum
576 3993 620 4045 ex
639 3973 838 4045 aeternitate
861 3974 1067 4068 cognovit,
1092 3994 1161 4047 nec
1180 3971 1254 4046 salli
1273 3997 1359 4067 pra·

1464 3807 1476 3843 rs

290 4074 398 4146 rocio
422 4071 544 4146 divina
563 4071 706 4176 potest,
732 4071 760 4142 is
779 4070 947 4166 profesio
966 4094 1073 4167 quem
1086 4071 1264 4170 eiusmodi
1278 4077 1366 4150 lore
1464 4074 1476 4114 ¹

1168 4187 1171 4192 ·
1196 4177 1335 4285 esen·
