3417 4692
333 327 338 350 '
380 343 1283 472 c'omnnnrnnrnrnuunrsrn.
1329 377 1392 456 ,η

298 525 554 624 ··praevlderit,
580 521 821 618 &injuriosus
842 523 995 597 omnino
1019 520 1160 596 futurus
1183 517 1256 610 est,
1283 501 1422 592 &ta-⁸

315 629 372 702 les
399 625 544 717 injurias
566 627 753 698 illaturus:
781 621 944 714 adeoque
969 608 1047 694 fieri
1068 621 1170 693 nullo
1190 617 1304 693 modo
1324 640 1391 712 po·

305 726 410 818 test,
437 739 479 796 ut
495 728 539 798 ab
555 726 624 798 illis
643 725 779 817 injuriis
797 720 980 795 abstineat.
1032 719 1069 792 Si
1082 734 1201 792 autern
1216 715 1293 792 fieri
1314 709 1392 791 nul·-

318 825 358 900 lo
380 824 495 898 modo
515 821 658 918 potest,
687 835 728 895 ut
748 821 791 895 ab
805 822 873 894 illis
895 815 1030 912 injuriis
1044 805 1245 910 abstineat,
1272 818 1315 891 ald
1331 833 1391 890 eas

319 923 528 1010 inferendas
547 921 749 996 necellltate
767 922 929 1014 rapitur,
956 940 1024 992 nec
1044 920 1139 992 allud
1160 920 1205 991 ab
1227 939 1274 990 eo
1293 921 1391 1010 quic·

319 1045 429 1117 quam
445 1017 524 1096 fieri
539 1021 680 1119 potest,
706 1042 809 1113 quam
826 1023 924 1112 quod
937 1019 1097 1092 futurum
1110 1019 1211 1091 Deus
1235 1014 1305 1091 effe
1329 1037 1391 1089 co·

322 1125 510 1221 gnoverit.
537 1120 648 1217 Jamli
664 1121 757 1194 aliud
770 1118 915 1214 prorsus
933 1139 1037 1217 agere
1052 1118 1141 1191 nihil
1155 1116 1295 1212 potest,
1317 1135 1392 1192 nec

324 1224 506 1316 quisquam
533 1224 615 1315 jure
649 1223 898 1315 vituperatur,
938 1220 1038 1312 quod
1061 1219 1098 1291 id
1126 1235 1204 1292 non
1232 1215 1391 1312 fecerit,

322 1319 426 1420 quod
443 1311 522 1395 fieri
538 1323 582 1395 ab'
597 1342 644 1394 eo
660 1340 737 1394 non
752 1324 897 1416 potuit,
932 1319 1097 1394 homines
1111 1308 1303 1416 injuriosos
1319 1316 1392 1390 fru-

321 1421 393 1498 stra
421 1421 685 1496 calumniamur.
736 1420 882 1495 Deinde
904 1435 997 1493 vero
1022 1417 1067 1493 ab
1089 1417 1266 1511 iniuriofis
1287 1417 1321 1490 dt
1339 1418 1392 1490 in·

318 1523 423 1618 juriis
447 1524 491 1595 ad
513 1537 641 1595 caetera
663 1536 896 1615 peccatorum
922 1539 1055 1617 genera
1076 1516 1222 1614 gradum
1240 1515 1390 1593 faciunt.

321 1621 459 1696 'sumu
480 1624 666 1695 contrario
690 1621 735 1695 de
748 1622 790 1693 iis
808 1641 954 1713 quoque
972 1621 1102 1712 rebus,
1125 1639 1203 1709 quae
1221 1618 1391 1712 praeclare

319 1722 426 1815 fieri,
453 1722 673 1814 honesteque
691 1721 908 1815 videantur,
932 1719 1033 1792 limill
1052 1720 1194 1791 ratione
1214 1716 1389 1790 statuunt:

286 1889 290 1896 .
322 1822 540 1920 tandemque
555 1821 799 1914 concludunt,
825 1819 849 1893 fi
864 1820 950 1893 Deo
964 1816 1070 1892 semel
1083 1817 1289 1892 futurorum
1303 1837 1392 1912 prae-

322 1922 432 1995 notio
450 1916 694 2015 concedatur,
719 1915 856 1994 arbitrii
867 1920 982 1994 nostri
1000 1917 1217 2014 potestatem
1228 1915 1390 1992 finditur

320 2019 391 2095 effe
411 2019 620 2098 tollendam.

398 2119 434 2195 6.
463 2123 605 2296 (duilius
623 2121 698 2195 hoc
713 2116 825 2197 modo
850 2110 1137 2216 respondendum
1153 2119 1242 2195 erit!
1267 2117 1390 2211 Deus,

321 2222 424 2315 quod
438 2243 488 2295 nu
502 2226 536 2294 la
553 2233 609 2294 res
629 2220 766 2296 causam
782 2243 860 2295 non
880 2223 1010 2296 habeut
1025 2224 1197 2314 aliquam,
1224 2219 1307 2294 dum
1325 2218 1390 2294 sub

319 2319 435 2416 ipsum
461 2323 560 2394 orbis
590 2322 762 2396 moliendi
789 2323 1033 2418 principium,
1070 2321 1192 2395 futura
1215 2318 1392 2416 figillatinr

321 2423 446 2495 omnia
471 2432 593 2496 mente
618 2424 826 2516 percurrit,
859 2421 962 2494 videt
983 2422 1084 2495 illico
1106 2422 1132 2496 fi
1157 2416 1289 2496 rauum
1314 2416 1392 2494 hoc

321 2523 422 2613 crit,
447 2513 534 2594 illud
559 2515 712 2616 proinde
736 2524 962 2610 secuturum3
988 2511 1088 2614 quod
1114 2512 1175 2593 ubi
1200 2511 1392 2615 extiterit,

320 2609 482 2694 tertium'
492 2639 537 2695 ex
557 2639 603 2696 eo
620 2617 784 2714 quiddam
800 2635 922 2715 aptum
941 2617 1042 2695 fore:
1068 2623 1143 2695 hoc
1158 2621 1245 2693 item
1259 2619 1285 2692 li
1299 2613 1392 2713 poll·

320 2735 399 2794 turn
420 2722 510 2815 erit,
536 2720 813 2814 &consequens
831 2723 919 2794 illud
936 2721 1119 2794 futurum:
1144 2720 1265 2811 itaque
1279 2720 1322 2791 ad
1330 2739 1392 2792 re·

321 2836 404 2893 rum
428 2818 536 2894 finem
560 2823 721 2896 omnium
746 2821 960 2919 cognitione
984 2820 1184 2914 perducta,
1220 2816 1392 2914 quidquid

322 2915 485 2994 futurum
507 2918 586 3014 est,
620 2922 811 3019 intelligit}
838 2943 908 2995 nec
926 2935 1045 2998 tamen
1069 2911 1259 3014 quuslibet
1278 2919 1393 2994 omni-

321 3041 374 3093 no
390 3019 467 3113 rei,
494 3034 559 3092 cur
578 3022 674 3115 hoc,
700 3021 815 3097 illove
837 3021 950 3095 modo
966 3025 1135 3116 eveniat,
1154 3017 1256 3094 causa
1273 3019 1394 3094 dicen·

322 3120 389 3193 dur
407 3119 468 3194 ult
497 3122 810 3224 Quemadmodum
824 3124 918 3194 enirn
931 3123 957 3195 sr
971 3142 1077 3214 quem
1090 3122 1267 3217 imperitia
1280 3134 1393 3195 teme·

319 3221 455 3294 ¹rarium
470 3241 512 3294 ac
526 3224 746 3316 precipitem
764 3209 833 3296 else
849 3223 972 3295 videas
989 3242 1105 3314 eaque
1114 3213 1317 3296 temeritate
1328 3223 1392 3298 im·
1447 3277 1450 3281 -

320 3316 461 3416 pulsum
474 3321 632 3394 ...lubrico¹
654 3309 726 3396 sese
749 3319 871 3396 itineri
894 3311 1148 3415 committere,
1175 3313 1209 3394 u
1236 3323 1393 3395 eum-la·

321 3419 461 3514 bente,
491 3418 712 3514 fallenteque
735 3422 887 3517 vestigio
904 3419 1082 3495 ruiturum
1104 3423 1302 3517 intelligas,
1323 3414 1393 3513 lpu

321 3529 446 3594 tamen
466 3520 704 3616 prolapsionis
725 3521 826 3595 causa
849 3541 926 3594 non
950 3542 1010 3609 es3
1044 3522 1095 3594 ita
1111 3525 1217 3616 plane
1239 3520 1391 3594 sentien-

323 3612 410 3692 duni
440 3618 511 3712 est,
544 3622 652 3702 Deo,
684 3622 783 3712 quod
804 3617 1001 3712 cujusmodi
1023 3619 1167 3713 quisque
1185 3619 1229 3694 fit
1246 3621 1391 3694 ferturus

274 3805 277 3812 Ι
321 3705 552 3815 praeviderit,
573 3719 824 3825 causaretiam,
840 3723 1073 3820 quamodrem
1090 3721 1266 3813 ejusmodi
1280 3715 1355 3794 srtf
1375 3759 1391 3780 ·

320 3829 448 3914 turus,
475 3831 624 3914 queque
643 3822 687 3893 ab
708 3823 835 3912 eolvel
853 3820 1040 3914 improbe,
1067 3824 1128 3895 vel
1144 3821 1312 3914 praeclare
1331 3837 1391 3917 ge·

319 3919 435 3992 tenda
449 3918 540 4014 fine,
569 3917 639 3994 esse
656 3919 848 4015 perspecta.
901 3917 1046 4012 Atque,
1073 3936 1115 3993 ut
1129 3911 1262 4010 libere,
1291 3913 1393 4011 quod

322 4025 380 4096 ‘rer
408 4018 482 4116 est,
520 4019 756 4117 eloquamur,
790 4017 1394 4120 nuntiumque—praenotionem

1221 4134 1355 4202 'mm
