3417 4692
433 365 1199 478 mannnsruno'urtmm
1275 413 1349 497 ης.

288 561 413 642 uibus.
454 558 512 636 Et
528 555 727 634 hoemodo
742 555 804 629 vei
818 550 943 650 irasci,
966 553 1031 628 vel
1044 553 1188 651 audire,
1213 557 1276 634 vel
1291 559 1352 634 lo·

288 667 350 760 qui
368 664 497 738 dicitur
515 659 626 735 Deus.
682 651 777 730 Nam
793 654 819 731 n
833 677 911 728 vox
927 654 1080 732 humana
1102 677 1163 731 aer
1175 655 1286 756 istus,
1309 657 1351 736 iu

290 765 367 859 cst,
392 763 512 860 lingua
530 753 752 854 repercussus
769 751 959 848 definitur,
990 755 1164 850 potest&
1183 781 1261 835 vox
1274 757 1350 838 uu
1389 813 1392 818 -

288 864 361 955 dici
387 881 448 937 aer
472 859 591 953 icius,
625 861 687 934 vei
708 856 773 950 vi,
807 856 870 928 vel
896 857 1088 930 voluntate
1114 855 1247 937 divina.
1296 857 1352 936 Et

289 964 375 1039 inde
393 962 443 1036 est
461 962 559 1053 quod
575 961 600 1052 st
620 955 763 1052 quando
778 975 858 1029 vox
875 953 1048 1030 divinitus
1060 957 1188 1050 datur,
1207 981 1285 1036 non
1302 961 1351 1040 ad

290 1063 451 1138 omnium
468 1061 590 1153 aures,
616 1058 675 1134 sed
690 1057 733 1130 ad
750 1075 903 1147 quorum
917 1053 1084 1150 interest,
1111 1057 1252 1134 auditus
1267 1063 1356 1138 ana·

288 1165 409 1238 bitur.-
440 1176 482 1233 ut
503 1158 671 1257 agnoscas
694 1157 850 1230 sonitum
873 1177 950 1230 non
967 1157 1095 1255 linguae
1111 1156 1213 1251 pulsu
1231 1163 1352 1240 reddi·

290 1277 383 1358 tum,
410 1257 588 1358 (alioquin
601 1257 706 1334 fieret
720 1258 919 1331 communia
934 1257 1074 1331 auditus
1085 1266 1116 1349 ,)
1133 1255 1193 1332 sed
1205 1257 1360 1357 superni
1426 1275 1434 1300 ⁸
1464 1259 1468 1278 ¹

288 1377 399 1439 nutus
418 1361 661 1436 moderamine
679 1358 927 1455 gubernatum.
977 1359 1191 1455 Quanquam
1211 1357 1354 1458 &pro-

288 1463 409 1560 phetis
436 1457 526 1553 sepo
550 1457 845 1555 repatriarem,
887 1457 1028 1530 ceteris
1045 1479 1092 1531 ue
1116 1457 1351 1566 sandomm',

290 1562 399 1640 ctiam
418 1561 488 1633 sine
502 1562 606 1632 vocis
623 1557 714 1631 sono
730 1556 882 1632 verbum
898 1554 969 1629 Dei
983 1555 1019 1631 sa
1078 1579 1114 1632 m
1133 1555 1202 1632 ess'e
1216 1561 1353 1640 referas

288 1673 370 1736 tur:
402 1661 492 1733 sicut
513 1681 558 1733 ex
583 1657 748 1731 omnibus
771 1655 878 1730 sacris
898 1655 1144 1732 voluminibus
1171 1658 1354 1740 abtmdan.

288 1773 347 1835 tet
362 1759 543 1836 docemur.
596 1758 636 1832 ln
655 1777 729 1850 quo
744 1753 807 1852 (ut
820 1756 983 1828 breviter
999 1750 1135 1856 dicam)
1150 1755 1352 1842 illuminata

290 1881 391 1936 mene
410 1879 476 1952 per
497 1856 654 1956 spiritum
673 1855 744 1930 Dei
770 1855 948 1930 formatur
969 1855 1008 1930 in
1025 1859 1151 1935 verba.
1201 1855 1252 1934 Et
1264 1863 1355 1964 ideo

287 1958 364 2036 five
380 1960 466 2051 hoc,
482 1959 556 2033 five
572 1959 651 2051 illo,
666 1977 739 2050 quo
756 1954 860 2050 supra
877 1956 1042 2047 diximus,
1055 1955 1170 2032 modo
1189 1977 1272 2037 cum
1283 1983 1356 2040 voa

286 2061 462 2135 luntatem
485 2055 580 2134 suam
605 2057 765 2148 indicat,
803 2059 976 2149 loquutus
995 2055 1066 2131 eise
1086 2055 1218 2132 dicitur
1235 2059 1354 2144 Deua.

288 2157 492 2233 Secundum
507 2157 605 2231 hunc
629 2177 718 2254 ergo
736 2153 872 2233 sensum
890 2161 1007 2252 aliqua
1017 2157 1091 2252 J'am
1106 2177 1153 2232 ex
1173 2161 1251 2260 hir,
1271 2185 1353 2261 quae

289 2256 380 2335 lecta
393 2255 496 2350 sunt,
522 2256 734 2332 differamus.

364 2379 398 2453 3.
421 2355 543 2432 Multa
557 2355 722 2451 responsa
738 2355 900 2431 dantura
914 2354 999 2433 Deo
1013 2356 1057 2434 ad
1071 2351 1275 2457 Abrabam,
1290 2359 1355 2440 sed

288 2477 367 2536 non
387 2457 508 2531 omnia
528 2456 572 2531 ad
588 2477 700 2530 unum
723 2457 958 2550 eumdemque
974 2455 1193 2538 referuntur.
1244 2463 1354 2562 Quae·
1377 2510 1381 2516 -

289 2557 369 2634 dam
388 2555 484 2632 enim
498 2555 542 2630 ad
567 2555 719 2644 Abram,
746 2557 905 2649 quaedam
925 2555 969 2630 ad
985 2557 1194 2656 Abraham,
1209 2625 1212 2630 ,
1225 2560 1353 2660 idest,
1371 2641 1374 2646 ,

237 2663 240 2726 i
290 2658 358 2732 alia
373 2653 456 2751 post
475 2656 761 2731 immutationem
783 2655 962 2750 nominis,
996 2655 1114 2735 &alia
1133 2681 1216 2738 cum
1233 2661 1354 2740 adhue

290 2757 449 2854 genuino
478 2755 663 2830 vocabulo
685 2752 901 2830 censeretur.
954 2751 1006 2830 Et
1028 2760 1183 2852 primum
1207 2763 1356 2857 quidem

239 2923 245 2958 ι
292 2855 417 2930 aDeo
442 2854 485 2930 ad
508 2853 645 2931 Abram
668 2871 751 2932 ante
773 2855 1059 2932 immutationem
1082 2861 1240 2938 nominis
1261 2863 1355 2940 illud

239 2963 243 3093 i
292 2953 453 3030 defertur
475 2959 681 3051 oraculum,
707 2977 781 3050 quo
805 2956 917 3030 dicit:
950 2958 1019 3031 Exi
1037 2961 1074 3033 de
1098 2977 1187 3033 terra
1207 2981 1287 3049 rua,
1309 2965 1354 3044 o·

289 3058 327 3128 de
339 3057 540 3153 dompattis
552 3061 622 3145 rui,
648 3059 687 3140 U
707 3062 742 3126 dr
761 3064 944 3151 cognatione
958 3072 1033 3139 tua,
1057 3059 1126 3136 dte.
1177 3059 1250 3138 Sed
1262 3067 1358 3144 nihil·

239 3227 241 3234 .
288 3155 327 3230 in
354 3154 430 3231 hoc
454 3155 499 3229 de
522 3155 736 3231 testamento
764 3156 867 3249 Dei,
900 3155 991 3234 nihil
1015 3156 1062 3232 de
1081 3161 1356 3242 circumcisione

238 3267 241 3274 '
287 3256 505 3351 praecipitur.
555 3252 646 3330 Non
674 3256 768 3330 enim
796 3271 973 3355 poterat,
1016 3277 1099 3335 cum
1120 3261 1236 3338 adhuc
1262 3263 1359 3340 esset·

288 3352 446 3447 Abram,
473 3354 884 3431 &carnalia-nativitatis
895 3358 1116 3475 vocabulum
1129 3359 1257 3458 ferret,
1283 3361 1351 3442 sus·

290 3454 897 3643 ammiramur?
915 3460 1353 3662 Amissis-‘otini

290 3665 379 3726 tunc
395 3653 440 3728 ad
460 3673 541 3728 eum
556 3653 747 3730 sacratiora
761 3656 833 3750 J'am
847 3653 1015 3750 responsa
1028 3659 1251 3741 deseruntur.
1299 3663 1377 3740 Et‘
1457 3755 1460 3763 ‚

290 3752 412 3846 primo.
423 3754 554 3828 dieitur
569 3755 617 3849 ei,
633 3756 789 3849 quianon
802 3758 958 3829 vocaberis
971 3760 1110 3854 Abram,
1123 3763 1177 3853 sed
1188 3765 1363 3838 Abraham,

291 3858 355 3924 erit
368 3877 482 3927 nomen
497 3871 598 3926 tuum.
632 3854 740 3930 Tunc
750 3856 823 3948 jam
839 3856 873 3930 u
887 3853 1135 3938 testamentum
1148 3861 1223 3937 Dei
1240 3859 1352 3940 susce-

237 3979 239 4048 j
288 3954 370 4047 pit,
405 3953 685 4052 &signaculum
725 3953 810 4030 fidei
843 3957 986 4051 accepit
1020 3959 1362 4062 circumcisionem,

237 4065 240 4280 Ι
290 4072 395 4146 quam
409 4071 487 4130 non
501 4057 624 4149 potuit
635 4056 823 4155 accipere,
849 4053 1212 4141 unasub-uano
1221 4068 1372 4238 nauem-
