3417 4692
363 406 441 482 ru
626 389 1099 498 ⁴onmeurs

268 603 270 608 ·
370 557 560 640 mendacio
581 576 658 633 non
678 568 835 651 pateant.
855 597 859 610 =
888 556 1130 652 Oppilentur,
1156 555 1327 631 &clausae
1340 555 1429 650 smt,

265 735 267 740 .
370 681 420 736 ne
439 660 610 752 judicium
631 655 805 754 sanguinis
831 656 1004 750 audiant,
1043 673 1105 730 aut
1132 657 1318 750 impudicis
1350 680 1432 731 can·

371 759 453 833 ticis
473 760 507 832 dc
529 758 760 833 theatralibus
776 752 872 829 sonis
892 769 1049 850 pateant.
1100 755 1203 830 Nihil
1223 757 1431 832 obsccenum

370 859 574 952 recipiant,
607 854 667 930 sed
691 858 736 931 ab
768 855 867 929 omni
892 877 998 933 coeno
1023 860 1265 950 corruptionis
1299 856 1432 930 aversan

370 957 451 1034 lint
500 957 589 1032 Haec
604 955 655 1030 est
670 954 911 1048 circumcisio,
938 977 1007 1048 qua
1020 955 1176 1030 Ecclesia
1187 956 1313 1030 Christi
1326 973 1438 1056 aeneo¹

371 1055 517 1134 suorum
538 1057 759 1131 circumcidit
785 1053 982 1134 infantium.
1044 1055 1121 1130 lstae
1139 1056 1349 1130 credosunt
1371 1077 1431 1128 au·

371 1173 456 1250 ree,
481 1177 566 1248 quas
580 1157 617 1228 in
633 1156 854 1229 auditoribus
864 1152 931 1230 suis
945 1157 1165 1250 requirebat,
1192 1156 1333 1232 dicent:
1358 1159 1431 1250 Qua·

371 1257 466 1330 labet
478 1282 571 1330 aures
581 1259 750 1348 audiendi,
775 1258 896 1331 audiat.
940 1255 1068 1350 ,Nemo
1082 1257 1174 1328 enim
1195 1255 1315 1348 potest
1326 1257 1434 1330 incir-

373 1357 534 1432 cumcilie
550 1356 583 1430 ἃ
599 1357 788 1432 immundis
807 1357 949 1430 auribus
969 1356 1100 1432 munda
1119 1359 1231 1428 verba
1252 1354 1431 1446 sapientie

374 1457 410 1530 ta
430 1457 592 1530 veritatis
608 1455 742 1538 audire,
789 1457 985 1532 Veniamus
1002 1454 1048 1554 (fi
1065 1454 1196 1553 vultis)
1210 1456 1243 1527 &
1257 1457 1300 1528 ad
1317 1456 1431 1528 labio·

373 1576 454 1630 rum
475 1556 789 1632 circumcisionem.
841 1553 922 1652 Ego
938 1571 1029 1650 puto
1049 1556 1148 1647 quod
1164 1557 1430 1630 incircumcisus

373 1655 418 1760 sit
430 1656 550 1748 labiis,
576 1656 636 1749 qui
650 1657 812 1729 nondum
826 1653 1009 1730 cessavita
1031 1654 1275 1748 stultiloqui0,
1300 1653 1430 1728 ascur·

373 1756 528 1848 rilitate,
556 1759 614 1847 qui
630 1756 735 1829 bonis
753 1756 923 1852 derogat,
945 1759 1004 1848 qui
1014 1756 1218 1830 criminatur
1226 1754 1429 1848 proximos,

375 1855 436 1947 qui
450 1852 590 1950 instigat
613 1854 719 1946 lites,
746 1858 806 1947 qui
829 1857 1019 1929 calumnias
1042 1869 1193 1947 movet,
1220 1855 1280 1946 qui
1300 1853 1430 1930 fratrea

322 1981 325 1989 ·
374 1954 470 2027 inter
481 1953 515 2027 se
529 1952 612 2028 salsa
628 1955 813 2046 loquendo
833 1956 1046 2048 committit,
1073 1956 1259 2046 quivena,
1285 1955 1431 2050 inepta,

373 2043 566 2146 secularia,
598 2054 795 2147 impudica,
830 2057 965 2148 turpia,
1004 2052 1194 2146 injuriosa,
1230 2067 1429 2149 proterva,

374 2149 633 2245 blasphema&
647 2167 788 2245 cetera,
801 2173 878 2246 quae
890 2156 1032 2249 indigna
1042 2153 1121 2227 sunt
1133 2151 1332 2226 Christiano
1349 2174 1431 2250 ore,

373 2253 617 2348 proloquitur.
674 2251 710 2325 Si
731 2255 807 2345 quis
829 2273 921 2327 vero
941 2254 985 2326 ab
1006 2254 1059 2326 his
1081 2254 1247 2326 omnibus
1263 2256 1431 2328 continet

376 2371 421 2423 os
441 2348 559 2446 suurn,
585 2352 619 2424 dc
640 2350 792 2445 disponit
812 2354 991 2426 sermones
1010 2353 1091 2425 suos
1108 2352 1321 2445 injudicio,
1350 2374 1432 2426 ver·

374 2450 564 2524 bosrtatem
580 2453 759 2545 reprimit,
784 2454 935 2549 linguam
956 2466 1151 2544 temperat,
1180 2455 1292 2526 verba
1308 2454 1432 2528 mode-

252 2556 257 2570 '
373 2563 494 2644 ratur,
520 2550 583 2624 iste
601 2552 731 2624 merito
756 2548 980 2626 circumcisus
993 2553 1094 2626 labiis
1115 2552 1254 2626 dicitur.
1302 2552 1431 2626 Sed&

376 2650 437 2742 qui
454 2651 674 2744 iniquitatem
701 2654 736 2724 in
760 2652 902 2726 excelso
927 2653 1147 2744 loquuntur,
1174 2651 1429 2726 &extendunt

374 2752 413 2824 in
435 2752 561 2824 colum
585 2751 737 2848 linguam
758 2749 880 2839 suam,
906 2751 995 2824 ficut
1014 2752 1171 2826 haeretici
1191 2749 1350 2843 faciunt,
1378 2752 1430 2825 in·

376 2850 589 2941 circumcisi,
616 2849 835 2923 &immundi
852 2853 953 2924 labiis
973 2851 1112 2924 dicendi
1128 2848 1219 2924 sunt.
1271 2849 1431 2925 Circum·

373 2947 466 3022 cisus
480 2968 573 3022 voro
587 2947 621 3022 u
633 2949 783 3022 mundus
797 2949 869 3041 est,
896 2952 956 3042 qui
971 2950 1104 3042 semper
1124 2951 1274 3024 verbum
1288 2949 1358 3024 Dei
1375 2953 1431 3024 lo·

376 3051 518 3142 quitur,
538 3049 579 3120 ¹&
600 3046 714 3122 sanam
734 3048 929 3142 doctrinam
951 3049 1178 3145 Evangelicis
1197 3048 1431 3142 &Apostoli-

377 3149 427 3220 cis
450 3149 619 3222 munitam
631 3150 761 3243 regulis
780 3149 933 3241 profert.
982 3147 1068 3222 Hoc
1088 3169 1176 3245 ergo
1192 3150 1304 3223 modo
1318 3151 1431 3224 &cir-

377 3247 543 3322 cumcisro
557 3247 735 3322 labiorum
749 3248 851 3321 datur
869 3250 907 3322 in
924 3246 1082 3321 Ecclesia
1101 3249 1183 3325 Dei.
1323 3321 1329 3336 ,

449 3349 484 3420 6.
511 3345 622 3419 Nunc
638 3365 729 3420 vero
745 3346 934 3422 secundum
946 3349 1244 3440 pollicitationem
1258 3347 1429 3444 nostram,

376 3445 528 3536 qualiter
543 3449 646 3519 etiam
658 3450 772 3520 carnis
788 3443 1139 3542 circumcisrosuscipi
1155 3448 1298 3540 debeat,
1311 3449 1434 3522 videa·

373 3563 464 3619 mus.
502 3543 707 3620 Membrum
718 3547 804 3636 hoc,
819 3551 856 3620 in
873 3569 946 3640 quo
963 3550 1173 3641 preputium
1188 3549 1333 3621 videtur
1348 3545 1434 3644 else,

375 3641 502 3717 officiis
518 3647 736 3720 naturalibus
751 3649 870 3720 coitus
887 3646 1157 3744 &generationi
1171 3648 1349 3721 deservire
1370 3670 1434 3722 ne·

372 3765 437 3820 mo
454 3744 524 3840 est,
551 3748 610 3837 qui
627 3746 777 3822 dubitet.
827 3747 866 3820 Si
882 3750 960 3839 quis
973 3747 1079 3843 igitur
1089 3767 1171 3842 erga
1188 3744 1435 3839 hujuscemodi

370 3855 496 3920 motus
514 3865 591 3917 non
609 3846 835 3938 importunus
853 3846 1007 3938 existat,
1032 3868 1101 3919 nec
1120 3845 1272 3920 statutos
1293 3849 1432 3944 legibus

314 3965 317 3980 ·
373 3945 549 4018 terminos
570 3942 740 4039 superet,
775 3967 843 4020 nec
861 3947 961 4020 aliam
977 3945 1154 4019 soeminarn
1180 3967 1283 4038 quam
1306 3949 1432 4042 conju·

369 4060 455 4138 gem
473 4044 664 4144 legitimam
677 4049 846 4143 noverit,
870 4045 955 4121 &in
974 4065 1018 4120 ea
1034 4064 1179 4140 quoque
1191 4045 1264 4146 ipsa
1278 4047 1431 4143 posteri·

1295 4149 1379 4223 tatic
1413 4161 1416 4166 ’
