3417 4692
348 435 444 540 aa
646 417 1108 518 1---·oaa··ua·u·1e

365 603 480 698 tum(
493 603 598 678 eoam
614 603 652 680 in'
670 603 778 678 nobis
804 603 959 698 populus
978 597 1371 698 populumllr'perabit‚
1400 597 1435 672 δι

261 765 263 769 ,
366 705 483 796 major
507 701 640 778 serviet
663 703 815 777 minori:
839 702 973 776 serviet
996 705 1129 776 etenim
1158 721 1243 776 caro
1269 698 1434 794 spiritui,
1456 765 1460 776 .

369 801 405 879 ἃ
430 801 518 876 vitia
538 803 732 878 virtutibus
752 801 893 878 cedent.
947 803 996 876 Er
1015 804 1138 898 impleti
1156 802 1263 890 sunt,
1290 800 1433 892 inquit,

252 931 258 943 ·
369 905 435 974 dies
455 907 520 1002 ejus
536 919 730 1000 culparetur,
757 909 796 979 (5
809 921 905 974 erant
917 908 1039 996 gemini
1055 909 1093 974 in
1110 919 1226 972 uentre
1245 904 1320 998 ejus.
1362 901 1434 972 Hic

369 1001 486 1080 sermo
529 1003 565 1076 id
584 1001 657 1097 est,
682 1005 802 1098 impleti
822 1003 898 1085 sum
920 1005 981 1072 dies
1001 1008 1087 1098 ejus,
1114 1019 1152 1072 ut
1175 1015 1319 1096 pareret,
1345 1019 1435 1072 nun·

370 1105 478 1196 quani
491 1100 573 1178 sere
585 1099 646 1176 nisr
667 1101 712 1176 de
730 1099 850 1175 sannis
867 1101 1073 1176 mulieribus
1087 1099 1261 1175 scribitur.
1291 1099 1349 1171 De
1368 1099 1435 1172 hac

370 1201 524 1291 'namque
539 1198 707 1276 Rebecca
725 1200 855 1274 ditum
868 1199 918 1276 est
932 1203 1027 1294 hoc,
1053 1203 1087 1274 &
1102 1201 1148 1275 d'e
1162 1197 1346 1273 Elimbeth
1361 1221 1434 1272 ma·

370 1313 428 1376 tre
443 1300 612 1395 loannis,
639 1301 800 1374 &Maria
822 1314 935 1374 matre
952 1301 1101 1374 Domini
1114 1299 1225 1373 nostri
1238 1296 1319 1394 Jesu
1335 1297 1436 1371 Chri·

370 1397 425 1476 ffi.
476 1396 584 1472 Unde
603 1398 688 1472 mihi
714 1401 857 1473 videtur
874 1401 1042 1480 eximium
1061 1399 1217 1492 aliquid,
1250 1397 1284 1470 ἂι
1304 1413 1435 1492 praeter

372 1501 525 1574 eeteros
550 1493 713 1574 homines
737 1497 980 1592 hujuscemodi
999 1516 1123 1592 partus
1147 1497 1364 1590 ostendere,
1404 1499 1439 1570 lt

372 1597 529 1692 repletio
546 1597 682 1673 dierum
700 1613 821 1672 ortum
841 1597 1006 1692 perfetta
1025 1596 1161 1672 sobolis
1180 1598 1348 1671 indicare.

448 1721 484 1788 4.
513 1699 609 1774 Exue
630 1716 733 1771 autem
753 1699 868 1789 filius,
894 1698 1034 1792 inquit,
1057 1703 1271 1798 primitivus,
1298 1697 1434 1780 rubens,

372 1793 414 1878 θ
432 1813 517 1867 totus
535 1815 688 1896 tanquam
704 1797 792 1895 fests
808 1797 965 1884 hirsutus.
1010 1801 1368 1894 Cogmmrmvitautem
1381 1823 1436 1867 nu·

373 1901 447 1971 men
463 1899 550 1968 llius
573 1899 655 1988 Esau
723 1897 769 1970 Et
792 1896 891 1994 postea
912 1904 995 1970 exiit
1004 1897 1117 1989 frater
1134 1903 1228 1994 ejus,
1261 1894 1300 1974 U
1322 1909 1438 1968 munus

396 2001 442 2065 ‘ur
456 1997 590 2094 implexa
608 2012 677 2068 erat
694 2001 837 2070 calcaneo
859 1994 965 2088 Efau,
991 1995 1031 2075 θ
1044 1999 1213 2098 appesaepi!
1223 2023 1336 2067 ninum
1351 1999 1438 2066 issue

374 2009 491 2198 goul.
542 2095 672 2172 Refert
688 2095 799 2170 dehis
813 2098 881 2170 alia
895 2097 1087 2194 scriptura,
1114 2097 1213 2190 quod
1229 2097 1345 2192 Jacob
1361 2094 1437 2178 suo·

372 2196 553 2294 plantavit
566 2197 603 2269 in
620 2208 752 2269 ventre
773 2195 1064 2286 fratremsuum,
1091 2195 1133 2271 &¹
1152 2197 1255 2290 hujus
1271 2196 1323 2268 rei
1348 2195 1438 2267 indi·

370 2295 471 2372 <cium
486 2293 548 2385 fit,
576 2294 674 2388 quod
689 2316 815 2368 manus
831 2297 907 2388 ejus
924 2296 1077 2388 implexa
1094 2310 1169 2370 erat
1184 2297 1354 2370 calcaneo
1368 2293 1439 2366 fra·

374 2393 441 2468 tris
456 2393 506 2466 sui
527 2393 629 2490 Esau.
682 2397 756 2494 Qui
775 2393 868 2468 Esau
888 2397 1056 2470 deutero
1074 2397 1196 2470 matris
1212 2395 1279 2467 suae
1295 2391 1439 2488 proces-

343 2528 346 2542 =
374 2493 419 2568 sit
431 2491 582 2567 hirsutus
598 2507 699 2567 totus
715 2509 883 2586 tanquam
900 2496 1025 2586 pellis,
1051 2496 1165 2592 Jacob
1181 2510 1298 2567 autem
1313 2493 1438 2584 laevis,

377 2583 412 2667 ἃ
427 2591 584 2688 simplex.
634 2593 744 2668 Unde
764 2593 928 2689 &Jacob
949 2615 968 2666 a
984 2593 1151 2668 lustando
1177 2615 1321 2667 nomem
1337 2613 1439 2664 acce·

375 2693 441 2790 pit.
491 2689 584 2765 Esau
597 2713 689 2766 vero
706 2689 901 2788 (maium,
928 2694 987 2786 qui
1001 2693 1153 2768 Hebraea
1168 2694 1314 2768 nomina
1328 2692 1438 2764 inter-

374 2789 586 2890 pretantur)
599 2793 660 2866 vel
677 2794 867 2885 arubore‚
894 2795 953 2868 vel
971 2807 1122 2882 eterra,
1148 2795 1183 2864 id
1200 2792 1268 2878 est,
1295 2793 1438 2880 rubrus,

374 2892 440 2964 vel
459 2906 649 2983 terrenus,
683 2894 743 2963 vel
775 2889 837 2987 (ut
857 2891 931 2966 aliis
951 2889 1062 2970 visum
1079 2889 1150 2988 est)
1169 2889 1302 2970 factum
1327 2887 1439 2962 littus

373 2989 533 3066 uidetur.
585 2991 723 3064 Verum
740 3011 815 3080 quae
829 2989 900 3064 lint
910 2989 1005 3064 istius
1021 2991 1218 3066 nativitatis
1230 2989 1438 3084 privilegia,

377 3093 443 3164 tur
469 3103 587 3164 autem
615 3089 676 3163 ille
707 3088 989 3183 supplantaverit
1008 3089 1180 3180 fratrem,
1215 3089 1248 3162 &
1274 3090 1373 3160 laeuis
1398 3111 1442 3160 ac

375 3187 523 3280 simplex
539 3203 644 3262 natus
658 3189 722 3280 srt,
748 3211 829 3262 cum
845 3191 969 3282 utique
990 3187 1095 3262 ‘srcut
1116 3189 1202 3264 dicit
1216 3187 1440 3282 Apostolus)

377 3297 424 3362 ex
449 3307 523 3361 uno
544 3289 653 3362 fuerit
677 3285 770 3361 lsaac
793 3303 897 3381 patre
916 3287 1039 3361 nostro
1063 3287 1244 3382 utriusque
1268 3285 1332 3360 filii
1352 3307 1442 3360 con-

378 3391 534 3479 ceptus‚
561 3389 622 3460 vel
641 3408 705 3460 cur
726 3389 786 3460 ille
809 3399 910 3460 totus
936 3387 1089 3462 hirsutus
1110 3388 1143 3460 δι
1168 3389 1363 3478 horridus,
1403 3389 1440 3458 lle

378 3483 442 3576 (ut
457 3483 507 3560 ita
531 3485 666 3586 dicam)
684 3489 825 3580 peccati
847 3485 880 3559 ἀ
903 3488 1071 3578 nequitie
1095 3486 1271 3582 squallore
1290 3488 1439 3559 circum-

379 3581 506 3674 datus,
532 3607 608 3660 non
629 3584 680 3661 est
699 3607 816 3662 meum
839 3583 1025 3661 discutere.
1057 3587 1093 3664 Si
1113 3590 1382 3667 enimvoluero
1404 3588 1441 3659 in

379 3681 489 3758 altum
507 3684 658 3779 fodere,
689 3685 724 3761 δι
744 3705 841 3775 aquae
861 3687 956 3758 vive
978 3688 1131 3762 latentes
1150 3707 1261 3762 venas
1282 3687 1440 3783 aperire,

380 3784 560 3857 continuo
578 3785 728 3860 aderunt
746 3783 934 3876 Philistini,
960 3783 1199 3882 &litigabunt
1218 3807 1379 3876 mecum,
1407 3783 1443 3856 δι

378 3883 474 3963 rixas
496 3884 580 3958 mihi
603 3883 637 3958 δι
663 3885 853 3958 calumnias
877 3888 1186 3980 commovebunt,
1213 3886 1443 3976 &incipient

379 3981 520 4072 replere
539 3996 634 4055 terra
650 3979 708 4056 sua
729 3983 760 4054 ot
781 3985 860 4055 luto
881 3979 1012 4076 puteo's
1033 4007 1147 4063 meos.
1199 3985 1293 4058 Nam
1316 3985 1444 4072 utique

372 4079 680 4184 spermitterent
703 4081 757 4156 isti
779 4081 974 4180 philistini,
1001 4083 1126 4184 &ego
1148 4087 1329 4257 volebaml
1342 4103 1443 4155 accc-

1331 4202 1391 4257 ere
