<?xml version="1.0" encoding="UTF-8"?>
<!DOCTYPE html PUBLIC "-//W3C//DTD XHTML 1.0 Transitional//EN"
    "http://www.w3.org/TR/xhtml1/DTD/xhtml1-transitional.dtd">
<html xmlns="http://www.w3.org/1999/xhtml" xml:lang="en" lang="en">
 <head>
  <title>
</title>
<meta http-equiv="Content-Type" content="text/html;charset=utf-8" />
  <meta name='ocr-system' content='tesseract 3.04.00' />
  <meta name='ocr-capabilities' content='ocr_page ocr_carea ocr_par ocr_line ocrx_word'/>
</head>
<body>
  <div class='ocr_page' id='page_1' title='image "./operaomniasanct02unkngoog/operaomniasanct02unkngoog_0105.png"; bbox 0 0 3417 4692; ppageno 0'>
   <div class='ocr_carea' id='block_1_1' title="bbox 449 403 1383 560">
    <p class='ocr_par' dir='ltr' id='par_1_1' title="bbox 449 403 1383 560">
     <span class='ocr_line' id='line_1_1' title="bbox 449 403 1383 560; baseline -0.009 -42"><span class='ocrx_word' id='word_1_1' title='bbox 449 528 451 530; x_wconf 60' lang='grc'><strong>,</strong></span> <span class='ocrx_word' id='word_1_2' title='bbox 498 403 1189 560; x_wconf 29' lang='grc' dir='ltr'>εκΕιΕςτΛιΝῡΕΝῑεῑΜ.</span> <span class='ocrx_word' id='word_1_3' title='bbox 1328 463 1383 543; x_wconf 67' lang='lat'>91,</span> 
     </span>
    </p>
   </div>
   <div class='ocr_carea' id='block_1_2' title="bbox 264 589 1464 4284">
    <p class='ocr_par' dir='ltr' id='par_1_2' title="bbox 294 589 1384 1000">
     <span class='ocr_line' id='line_1_2' title="bbox 314 589 1382 705; baseline 0.001 -25"><span class='ocrx_word' id='word_1_4' title='bbox 314 609 425 705; x_wconf 89' lang='lat' dir='ltr'>gione</span> <span class='ocrx_word' id='word_1_5' title='bbox 446 605 661 681; x_wconf 87' lang='lat' dir='ltr'>viventium.</span> <span class='ocrx_word' id='word_1_6' title='bbox 713 602 864 698; x_wconf 79' lang='lat' dir='ltr'><strong>Respice</strong></span> <span class='ocrx_word' id='word_1_7' title='bbox 887 606 982 679; x_wconf 90' lang='lat' dir='ltr'>enim</span> <span class='ocrx_word' id='word_1_8' title='bbox 1005 589 1134 679; x_wconf 82' lang='lat' dir='ltr'>mentis</span> <span class='ocrx_word' id='word_1_9' title='bbox 1163 605 1305 699; x_wconf 83' lang='lat' dir='ltr'>oculis,</span> <span class='ocrx_word' id='word_1_10' title='bbox 1345 606 1382 681; x_wconf 67' lang='lat' dir='ltr'>it</span> 
     </span>
     <span class='ocr_line' id='line_1_3' title="bbox 313 705 1381 799; baseline -0.002 -18"><span class='ocrx_word' id='word_1_11' title='bbox 313 707 401 781; x_wconf 73' lang='lat' dir='ltr'>iride</span> <span class='ocrx_word' id='word_1_12' title='bbox 418 727 438 778; x_wconf 91' lang='lat' dir='ltr'>a</span> <span class='ocrx_word' id='word_1_13' title='bbox 454 706 563 798; x_wconf 89' lang='lat' dir='ltr'>loco,</span> <span class='ocrx_word' id='word_1_14' title='bbox 584 708 710 798; x_wconf 88' lang='lat' dir='ltr'>inquo</span> <span class='ocrx_word' id='word_1_15' title='bbox 733 718 773 779; x_wconf 89' lang='lat' dir='ltr'>tu</span> <span class='ocrx_word' id='word_1_16' title='bbox 794 725 892 777; x_wconf 91' lang='lat' dir='ltr'>nunc</span> <span class='ocrx_word' id='word_1_17' title='bbox 917 726 966 779; x_wconf 87' lang='lat' dir='ltr'>es.</span> <span class='ocrx_word' id='word_1_18' title='bbox 1017 706 1141 779; x_wconf 79' lang='lat' dir='ltr'>Locos</span> <span class='ocrx_word' id='word_1_19' title='bbox 1158 721 1276 779; x_wconf 87' lang='lat' dir='ltr'>autem</span> <span class='ocrx_word' id='word_1_20' title='bbox 1297 705 1381 799; x_wconf 89' lang='lat' dir='ltr'>justi</span> 
     </span>
     <span class='ocr_line' id='line_1_4' title="bbox 294 799 1382 900; baseline 0 -21"><span class='ocrx_word' id='word_1_21' title='bbox 294 799 433 879; x_wconf 56' lang='lat' dir='ltr'>‘virtue</span> <span class='ocrx_word' id='word_1_22' title='bbox 456 803 528 899; x_wconf 88' lang='lat' dir='ltr'>est,</span> <span class='ocrx_word' id='word_1_23' title='bbox 554 825 686 897; x_wconf 89' lang='lat' dir='ltr'>aqua,·</span> <span class='ocrx_word' id='word_1_24' title='bbox 706 825 783 897; x_wconf 79' lang='lat' dir='ltr'>que</span> <span class='ocrx_word' id='word_1_25' title='bbox 797 802 966 900; x_wconf 86' lang='lat' dir='ltr'>speranda</span> <span class='ocrx_word' id='word_1_26' title='bbox 988 803 1088 897; x_wconf 89' lang='lat' dir='ltr'>sunt,</span> <span class='ocrx_word' id='word_1_27' title='bbox 1116 806 1244 899; x_wconf 90' lang='lat' dir='ltr'>cupide</span> <span class='ocrx_word' id='word_1_28' title='bbox 1260 803 1382 897; x_wconf 87' lang='lat' dir='ltr'>exspe-</span> 
     </span>
     <span class='ocr_line' id='line_1_5' title="bbox 317 902 1384 1000; baseline -0.001 -20"><span class='ocrx_word' id='word_1_29' title='bbox 317 904 407 1000; x_wconf 76' lang='lat' dir='ltr'>ciat,</span> <span class='ocrx_word' id='word_1_30' title='bbox 434 904 468 977; x_wconf 71' lang='grc' dir='ltr'>δι</span> <span class='ocrx_word' id='word_1_31' title='bbox 488 925 569 996; x_wconf 86' lang='lat' dir='ltr'><strong>quae·</strong></span> <span class='ocrx_word' id='word_1_32' title='bbox 584 904 622 978; x_wconf 90' lang='lat' dir='ltr'>in</span> <span class='ocrx_word' id='word_1_33' title='bbox 641 906 737 979; x_wconf 84' lang='lat' dir='ltr'>coelis</span> <span class='ocrx_word' id='word_1_34' title='bbox 757 906 913 998; x_wconf 78' lang='lat' dir='ltr'>reposita</span> <span class='ocrx_word' id='word_1_35' title='bbox 927 902 1027 996; x_wconf 87' lang='lat' dir='ltr'>sunt,</span> <span class='ocrx_word' id='word_1_36' title='bbox 1054 903 1287 998; x_wconf 77' lang='lat' dir='ltr'>prestoletur.</span> <span class='ocrx_word' id='word_1_37' title='bbox 1313 905 1384 979; x_wconf 79' lang='lat' dir='ltr'>Ni-</span> 
     </span>
    </p>

    <p class='ocr_par' dir='ltr' id='par_1_3' title="bbox 315 1001 1434 1377">
     <span class='ocr_line' id='line_1_6' title="bbox 315 1001 1383 1102; baseline -0.005 -22"><span class='ocrx_word' id='word_1_38' title='bbox 315 1006 341 1080; x_wconf 89' lang='lat' dir='ltr'>sr</span> <span class='ocrx_word' id='word_1_39' title='bbox 360 1007 454 1079; x_wconf 87' lang='lat' dir='ltr'>enim</span> <span class='ocrx_word' id='word_1_40' title='bbox 476 1005 527 1077; x_wconf 89' lang='lat' dir='ltr'>ita</span> <span class='ocrx_word' id='word_1_41' title='bbox 540 1001 576 1078; x_wconf 92' lang='lat' dir='ltr'>se</span> <span class='ocrx_word' id='word_1_42' title='bbox 589 1005 647 1077; x_wconf 84' lang='lat' dir='ltr'>re&#39;s</span> <span class='ocrx_word' id='word_1_43' title='bbox 663 1005 841 1096; x_wconf 85' lang='lat' dir='ltr'>haberet,</span> <span class='ocrx_word' id='word_1_44' title='bbox 869 1019 1035 1102; x_wconf 85' lang='lat' dir='ltr'>quantam</span> <span class='ocrx_word' id='word_1_45' title='bbox 1052 1002 1310 1079; x_wconf 52' lang='lat' dir='ltr'>verifimilerest</span> <span class='ocrx_word' id='word_1_46' title='bbox 1329 1006 1383 1098; x_wconf 81' lang='lat' dir='ltr'>ip·</span> 
     </span>
     <span class='ocr_line' id='line_1_7' title="bbox 315 1101 1434 1199; baseline 0.001 -22"><span class='ocrx_word' id='word_1_47' title='bbox 315 1104 391 1178; x_wconf 87' lang='lat' dir='ltr'>sum</span> <span class='ocrx_word' id='word_1_48' title='bbox 410 1104 525 1178; x_wconf 87' lang='lat' dir='ltr'>oculis</span> <span class='ocrx_word' id='word_1_49' title='bbox 548 1101 699 1178; x_wconf 83' lang='lat' dir='ltr'>cameis&#39;</span> <span class='ocrx_word' id='word_1_50' title='bbox 713 1102 934 1199; x_wconf 83' lang='lat' dir='ltr'>conspexisse</span> <span class='ocrx_word' id='word_1_51' title='bbox 952 1121 1081 1177; x_wconf 90' lang='lat' dir='ltr'>terram</span> <span class='ocrx_word' id='word_1_52' title='bbox 1109 1114 1172 1177; x_wconf 91' lang='lat' dir='ltr'>aut</span> <span class='ocrx_word' id='word_1_53' title='bbox 1194 1103 1383 1197; x_wconf 87' lang='lat' dir='ltr'>usquequo</span> <span class='ocrx_word' id='word_1_54' title='bbox 1431 1117 1434 1122; x_wconf 84' lang='grc'><strong>’</strong></span> 
     </span>
     <span class='ocr_line' id='line_1_8' title="bbox 315 1202 1383 1302; baseline 0.001 -26"><span class='ocrx_word' id='word_1_55' title='bbox 315 1219 464 1299; x_wconf 87' lang='lat' dir='ltr'>poterat</span> <span class='ocrx_word' id='word_1_56' title='bbox 489 1215 628 1277; x_wconf 86' lang='lat' dir='ltr'>attente</span> <span class='ocrx_word' id='word_1_57' title='bbox 648 1205 803 1298; x_wconf 86' lang='lat' dir='ltr'>intueri,</span> <span class='ocrx_word' id='word_1_58' title='bbox 842 1204 1083 1302; x_wconf 83' lang='lat' dir='ltr'>circumagens</span> <span class='ocrx_word' id='word_1_59' title='bbox 1108 1202 1383 1278; x_wconf 82' lang='lat' dir='ltr'>&amp;circumvol-</span> 
     </span>
     <span class='ocr_line' id='line_1_9' title="bbox 319 1302 595 1377; baseline 0 0"><span class='ocrx_word' id='word_1_60' title='bbox 319 1326 410 1377; x_wconf 83' lang='lat' dir='ltr'>vens</span> <span class='ocrx_word' id='word_1_61' title='bbox 437 1302 595 1377; x_wconf 75' lang='lat' dir='ltr'>oculos?</span> 
     </span>
    </p>

    <p class='ocr_par' dir='ltr' id='par_1_4' title="bbox 264 1396 1381 1678">
     <span class='ocr_line' id='line_1_10' title="bbox 264 1396 1380 1518; baseline -0.004 -42"><span class='ocrx_word' id='word_1_62' title='bbox 264 1449 268 1462; x_wconf 40' lang='lat'>1·</span> <span class='ocrx_word' id='word_1_63' title='bbox 344 1429 347 1434; x_wconf 89' lang='lat'>·</span> <span class='ocrx_word' id='word_1_64' title='bbox 395 1407 669 1501; x_wconf 82' lang='lat' dir='ltr'>Ceperunteutenr</span> <span class='ocrx_word' id='word_1_65' title='bbox 681 1426 820 1518; x_wconf 55' lang='lat' dir='ltr'>gennem,</span> <span class='ocrx_word' id='word_1_66' title='bbox 833 1396 1246 1502; x_wconf 78' lang='lat' dir='ltr'>equitatum·Seiomerum.]</span> <span class='ocrx_word' id='word_1_67' title='bbox 1272 1398 1380 1493; x_wconf 84' lang='lat' dir='ltr'>Equi·</span> 
     </span>
     <span class='ocr_line' id='line_1_11' title="bbox 315 1501 1381 1595; baseline -0.001 -21"><span class='ocrx_word' id='word_1_68' title='bbox 315 1516 432 1576; x_wconf 85' lang='lat' dir='ltr'>tarum</span> <span class='ocrx_word' id='word_1_69' title='bbox 460 1504 647 1577; x_wconf 87' lang='lat' dir='ltr'>hocloco</span> <span class='ocrx_word' id='word_1_70' title='bbox 679 1505 830 1595; x_wconf 88' lang='lat' dir='ltr'>primum</span> <span class='ocrx_word' id='word_1_71' title='bbox 853 1504 1084 1578; x_wconf 87' lang='lat' dir='ltr'>nominatum</span> <span class='ocrx_word' id='word_1_72' title='bbox 1112 1501 1310 1577; x_wconf 82' lang='lat' dir='ltr'>Sodomitae</span> <span class='ocrx_word' id='word_1_73' title='bbox 1339 1513 1381 1573; x_wconf 90' lang='lat' dir='ltr'>ut</span> 
     </span>
     <span class='ocr_line' id='line_1_12' title="bbox 314 1598 1334 1678; baseline -0.005 0"><span class='ocrx_word' id='word_1_74' title='bbox 314 1604 399 1678; x_wconf 84' lang='lat' dir='ltr'>mali</span> <span class='ocrx_word' id='word_1_75' title='bbox 413 1603 547 1677; x_wconf 88' lang='lat' dir='ltr'>habere</span> <span class='ocrx_word' id='word_1_76' title='bbox 562 1602 741 1677; x_wconf 86' lang='lat' dir='ltr'>dicuntur.</span> <span class='ocrx_word' id='word_1_77' title='bbox 1330 1598 1334 1606; x_wconf 85' lang='grc'><strong>’</strong></span> 
     </span>
    </p>

    <p class='ocr_par' dir='ltr' id='par_1_5' title="bbox 316 1697 1383 2193">
     <span class='ocr_line' id='line_1_13' title="bbox 392 1697 1382 1801; baseline -0.003 -27"><span class='ocrx_word' id='word_1_78' title='bbox 392 1697 578 1774; x_wconf 79' lang='lat' dir='ltr'>Adveniens</span> <span class='ocrx_word' id='word_1_79' title='bbox 592 1720 698 1773; x_wconf 84' lang='lat' dir='ltr'>aurem</span> <span class='ocrx_word' id='word_1_80' title='bbox 711 1709 782 1799; x_wconf 85' lang='lat' dir='ltr'>quir</span> <span class='ocrx_word' id='word_1_81' title='bbox 796 1728 913 1787; x_wconf 82' lang='lat' dir='ltr'>eorum,</span> <span class='ocrx_word' id='word_1_82' title='bbox 928 1707 984 1801; x_wconf 86' lang='lat' dir='ltr'>qui</span> <span class='ocrx_word' id='word_1_83' title='bbox 998 1702 1184 1792; x_wconf 77' lang='lat' dir='ltr'>evaserant,</span> <span class='ocrx_word' id='word_1_84' title='bbox 1204 1704 1382 1772; x_wconf 79' lang='lat' dir='ltr'>nunciavit</span> 
     </span>
     <span class='ocr_line' id='line_1_14' title="bbox 316 1800 1381 1900; baseline -0.002 -25"><span class='ocrx_word' id='word_1_85' title='bbox 316 1804 437 1876; x_wconf 70' lang='lat' dir='ltr'>nerem</span> <span class='ocrx_word' id='word_1_86' title='bbox 458 1800 654 1900; x_wconf 63' lang='lat' dir='ltr'>monstrem]</span> <span class='ocrx_word' id='word_1_87' title='bbox 710 1800 876 1899; x_wconf 79' lang='lat' dir='ltr'>Tranfiror</span> <span class='ocrx_word' id='word_1_88' title='bbox 896 1818 1053 1877; x_wconf 86' lang='lat' dir='ltr'>vocatur</span> <span class='ocrx_word' id='word_1_89' title='bbox 1072 1800 1270 1894; x_wconf 85' lang='lat' dir='ltr'>Abraham,</span> <span class='ocrx_word' id='word_1_90' title='bbox 1298 1801 1381 1892; x_wconf 82' lang='lat' dir='ltr'>quia</span> 
     </span>
     <span class='ocr_line' id='line_1_15' title="bbox 318 1900 1383 1995; baseline -0.003 -20"><span class='ocrx_word' id='word_1_91' title='bbox 318 1925 363 1975; x_wconf 81' lang='lat' dir='ltr'>ex</span> <span class='ocrx_word' id='word_1_92' title='bbox 383 1901 631 1976; x_wconf 73' lang='lat' dir='ltr'>Chaldaeorum</span> <span class='ocrx_word' id='word_1_93' title='bbox 653 1902 804 1995; x_wconf 84' lang='lat' dir='ltr'>regione</span> <span class='ocrx_word' id='word_1_94' title='bbox 824 1901 970 1995; x_wconf 75' lang='lat' dir='ltr'>trajeiia</span> <span class='ocrx_word' id='word_1_95' title='bbox 991 1900 1257 1995; x_wconf 83' lang='lat' dir='ltr'>Mesopotamia</span> <span class='ocrx_word' id='word_1_96' title='bbox 1276 1900 1383 1972; x_wconf 89' lang='lat' dir='ltr'>venit</span> 
     </span>
     <span class='ocr_line' id='line_1_16' title="bbox 316 1996 1380 2098; baseline -0.004 -22"><span class='ocrx_word' id='word_1_97' title='bbox 316 2007 354 2076; x_wconf 86' lang='lat' dir='ltr'>in</span> <span class='ocrx_word' id='word_1_98' title='bbox 371 2017 491 2095; x_wconf 89' lang='lat' dir='ltr'>partes</span> <span class='ocrx_word' id='word_1_99' title='bbox 507 2000 800 2081; x_wconf 74' lang='lat' dir='ltr'>chananeorum.</span> <span class='ocrx_word' id='word_1_100' title='bbox 852 2002 1113 2098; x_wconf 85' lang='lat' dir='ltr'>Interpretatur</span> <span class='ocrx_word' id='word_1_101' title='bbox 1130 2016 1249 2075; x_wconf 86' lang='lat' dir='ltr'>autem</span> <span class='ocrx_word' id='word_1_102' title='bbox 1268 1996 1380 2092; x_wconf 85' lang='lat' dir='ltr'>Aqui·</span> 
     </span>
     <span class='ocr_line' id='line_1_17' title="bbox 317 2102 561 2193; baseline -0.016 -16"><span class='ocrx_word' id='word_1_103' title='bbox 317 2104 372 2193; x_wconf 81' lang='lat' dir='ltr'>la,</span> <span class='ocrx_word' id='word_1_104' title='bbox 402 2102 561 2173; x_wconf 74' lang='lat' dir='ltr'>Hebraeis.</span> 
     </span>
    </p>

    <p class='ocr_par' dir='ltr' id='par_1_6' title="bbox 315 2197 1383 2673">
     <span class='ocr_line' id='line_1_18' title="bbox 398 2197 1382 2297; baseline -0.004 -23"><span class='ocrx_word' id='word_1_105' title='bbox 398 2203 444 2274; x_wconf 81' lang='lat' dir='ltr'>E!</span> <span class='ocrx_word' id='word_1_106' title='bbox 458 2202 544 2271; x_wconf 80' lang='lat' dir='ltr'>dixit</span> <span class='ocrx_word' id='word_1_107' title='bbox 558 2207 608 2272; x_wconf 79' lang='lat' dir='ltr'>ei:</span> <span class='ocrx_word' id='word_1_108' title='bbox 636 2202 759 2297; x_wconf 75' lang='lat' dir='ltr'>Respice</span> <span class='ocrx_word' id='word_1_109' title='bbox 781 2205 819 2271; x_wconf 89' lang='lat' dir='ltr'>in</span> <span class='ocrx_word' id='word_1_110' title='bbox 840 2202 971 2291; x_wconf 79' lang='lat' dir='ltr'>celum,</span> <span class='ocrx_word' id='word_1_111' title='bbox 999 2199 1045 2278; x_wconf 69' lang='lat'>(5</span> <span class='ocrx_word' id='word_1_112' title='bbox 1065 2225 1195 2271; x_wconf 81' lang='lat' dir='ltr'>numera</span> <span class='ocrx_word' id='word_1_113' title='bbox 1210 2198 1333 2296; x_wconf 73' lang='lat' dir='ltr'>sterias,</span> <span class='ocrx_word' id='word_1_114' title='bbox 1352 2197 1382 2294; x_wconf 75' lang='lat' dir='ltr'><em>fi</em></span> 
     </span>
     <span class='ocr_line' id='line_1_19' title="bbox 315 2298 1381 2398; baseline 0.006 -30"><span class='ocrx_word' id='word_1_115' title='bbox 315 2308 436 2398; x_wconf 82' lang='lat' dir='ltr'>poteris</span> <span class='ocrx_word' id='word_1_116' title='bbox 457 2325 621 2371; x_wconf 85' lang='lat' dir='ltr'>numerare</span> <span class='ocrx_word' id='word_1_117' title='bbox 644 2327 717 2372; x_wconf 81' lang='lat' dir='ltr'>eas.-</span> <span class='ocrx_word' id='word_1_118' title='bbox 736 2302 779 2395; x_wconf 74' lang='lat' dir='ltr'>stc</span> <span class='ocrx_word' id='word_1_119' title='bbox 800 2305 863 2371; x_wconf 85' lang='lat' dir='ltr'>erit</span> <span class='ocrx_word' id='word_1_120' title='bbox 885 2303 986 2389; x_wconf 78' lang='lat' dir='ltr'>semen</span> <span class='ocrx_word' id='word_1_121' title='bbox 1011 2298 1129 2393; x_wconf 76' lang='lat' dir='ltr'>tuum]</span> <span class='ocrx_word' id='word_1_122' title='bbox 1166 2299 1381 2396; x_wconf 86' lang='lat' dir='ltr'>Progeniem</span> 
     </span>
     <span class='ocr_line' id='line_1_20' title="bbox 319 2398 1381 2492; baseline -0.004 -19"><span class='ocrx_word' id='word_1_123' title='bbox 319 2400 412 2473; x_wconf 87' lang='lat' dir='ltr'>enim</span> <span class='ocrx_word' id='word_1_124' title='bbox 443 2399 565 2472; x_wconf 82' lang='lat' dir='ltr'>animae</span> <span class='ocrx_word' id='word_1_125' title='bbox 583 2398 665 2490; x_wconf 87' lang='lat' dir='ltr'>justi</span> <span class='ocrx_word' id='word_1_126' title='bbox 678 2400 752 2492; x_wconf 55' lang='lat'>‚&gt;&amp;</span> <span class='ocrx_word' id='word_1_127' title='bbox 773 2401 1008 2473; x_wconf 86' lang='lat' dir='ltr'>multitudine</span> <span class='ocrx_word' id='word_1_128' title='bbox 1030 2400 1062 2472; x_wconf 88' lang='lat'>&amp;</span> <span class='ocrx_word' id='word_1_129' title='bbox 1088 2399 1268 2491; x_wconf 86' lang='lat' dir='ltr'>claritate,</span> <span class='ocrx_word' id='word_1_130' title='bbox 1293 2398 1381 2471; x_wconf 89' lang='lat' dir='ltr'>Deo</span> 
     </span>
     <span class='ocr_line' id='line_1_21' title="bbox 318 2494 1383 2594; baseline 0.001 -23"><span class='ocrx_word' id='word_1_131' title='bbox 318 2500 493 2580; x_wconf 82' lang='lat' dir='ltr'>videlicet</span> <span class='ocrx_word' id='word_1_132' title='bbox 507 2513 752 2592; x_wconf 84' lang='lat' dir='ltr'>cooperante,</span> <span class='ocrx_word' id='word_1_133' title='bbox 779 2514 914 2594; x_wconf 78' lang='lat' dir='ltr'>tantam</span> <span class='ocrx_word' id='word_1_134' title='bbox 932 2500 1089 2573; x_wconf 87' lang='lat' dir='ltr'>&amp;talem</span> <span class='ocrx_word' id='word_1_135' title='bbox 1109 2497 1178 2572; x_wconf 80' lang='lat' dir='ltr'>effe</span> <span class='ocrx_word' id='word_1_136' title='bbox 1196 2499 1256 2594; x_wconf 66' lang='lat' dir='ltr'>ait</span> <span class='ocrx_word' id='word_1_137' title='bbox 1304 2494 1383 2592; x_wconf 86' lang='lat' dir='ltr'>Ipsa</span> 
     </span>
     <span class='ocr_line' id='line_1_22' title="bbox 321 2595 1300 2673; baseline 0.002 -2"><span class='ocrx_word' id='word_1_138' title='bbox 321 2596 540 2671; x_wconf 84' lang='lat' dir='ltr'>demonstrat</span> <span class='ocrx_word' id='word_1_139' title='bbox 560 2595 717 2671; x_wconf 85' lang='lat' dir='ltr'>divinam</span> <span class='ocrx_word' id='word_1_140' title='bbox 736 2598 1034 2673; x_wconf 74' lang='lat' dir='ltr'>benediiiionem.</span> <span class='ocrx_word' id='word_1_141' title='bbox 1299 2614 1300 2617; x_wconf 75' lang='grc'>’</span> 
     </span>
    </p>

    <p class='ocr_par' dir='ltr' id='par_1_7' title="bbox 320 2695 1464 4284">
     <span class='ocr_line' id='line_1_23' title="bbox 333 2695 1383 2793; baseline -0.003 -24"><span class='ocrx_word' id='word_1_142' title='bbox 333 2776 336 2783; x_wconf 55' lang='grc'><strong><em>,</em></strong></span> <span class='ocrx_word' id='word_1_143' title='bbox 400 2701 499 2769; x_wconf 83' lang='lat' dir='ltr'>Dixit</span> <span class='ocrx_word' id='word_1_144' title='bbox 524 2715 647 2771; x_wconf 83' lang='lat' dir='ltr'>aurem:</span> <span class='ocrx_word' id='word_1_145' title='bbox 673 2703 868 2770; x_wconf 78' lang='lat' dir='ltr'>Dominetor</span> <span class='ocrx_word' id='word_1_146' title='bbox 894 2703 1047 2784; x_wconf 80' lang='lat' dir='ltr'>Domine,</span> <span class='ocrx_word' id='word_1_147' title='bbox 1068 2699 1151 2769; x_wconf 75' lang='lat' dir='ltr'>unde</span> <span class='ocrx_word' id='word_1_148' title='bbox 1162 2698 1285 2785; x_wconf 61' lang='lat' dir='ltr'>seiam</span> <span class='ocrx_word' id='word_1_149' title='bbox 1303 2695 1383 2793; x_wconf 71' lang='lat' dir='ltr'>quos</span> 
     </span>
     <span class='ocr_line' id='line_1_24' title="bbox 321 2794 1384 2895; baseline 0.001 -28"><span class='ocrx_word' id='word_1_150' title='bbox 321 2800 509 2869; x_wconf 76' lang='lat' dir='ltr'>hereditare</span> <span class='ocrx_word' id='word_1_151' title='bbox 524 2802 642 2893; x_wconf 77' lang='lat' dir='ltr'>capiam</span> <span class='ocrx_word' id='word_1_152' title='bbox 669 2795 782 2868; x_wconf 76' lang='lat' dir='ltr'>iliani</span> <span class='ocrx_word' id='word_1_153' title='bbox 808 2799 841 2870; x_wconf 77' lang='grc' dir='ltr'>δι</span> <span class='ocrx_word' id='word_1_154' title='bbox 864 2794 1023 2891; x_wconf 74' lang='lat' dir='ltr'>cetera]</span> <span class='ocrx_word' id='word_1_155' title='bbox 1068 2796 1318 2895; x_wconf 51' lang='lat' dir='ltr'>Qui·2credidit</span> <span class='ocrx_word' id='word_1_156' title='bbox 1341 2816 1384 2868; x_wconf 87' lang='lat' dir='ltr'>ea</span> 
     </span>
     <span class='ocr_line' id='line_1_25' title="bbox 322 2895 1450 2991; baseline -0.004 -21"><span class='ocrx_word' id='word_1_157' title='bbox 322 2896 416 2987; x_wconf 83' lang='lat' dir='ltr'>fide,</span> <span class='ocrx_word' id='word_1_158' title='bbox 433 2911 685 2990; x_wconf 79' lang='lat' dir='ltr'>quaereputata</span> <span class='ocrx_word' id='word_1_159' title='bbox 700 2896 750 2970; x_wconf 86' lang='lat' dir='ltr'>est</span> <span class='ocrx_word' id='word_1_160' title='bbox 768 2899 800 2969; x_wconf 92' lang='lat' dir='ltr'>ei</span> <span class='ocrx_word' id='word_1_161' title='bbox 817 2896 860 2969; x_wconf 88' lang='lat' dir='ltr'>ad</span> <span class='ocrx_word' id='word_1_162' title='bbox 874 2895 1061 2991; x_wconf 75' lang='lat' dir='ltr'>iustitiam,</span> <span class='ocrx_word' id='word_1_163' title='bbox 1089 2898 1184 2969; x_wconf 85' lang='lat' dir='ltr'>hunc</span> <span class='ocrx_word' id='word_1_164' title='bbox 1196 2916 1274 2968; x_wconf 91' lang='lat' dir='ltr'>non</span> <span class='ocrx_word' id='word_1_165' title='bbox 1288 2896 1385 2968; x_wconf 89' lang='lat' dir='ltr'>veri·</span> <span class='ocrx_word' id='word_1_166' title='bbox 1442 2918 1450 2926; x_wconf 64' lang='grc'>·’</span> 
     </span>
     <span class='ocr_line' id='line_1_26' title="bbox 320 2992 1388 3089; baseline -0.003 -20"><span class='ocrx_word' id='word_1_167' title='bbox 320 2998 430 3070; x_wconf 76' lang='lat' dir='ltr'>simile</span> <span class='ocrx_word' id='word_1_168' title='bbox 444 2994 494 3068; x_wconf 88' lang='lat' dir='ltr'>est</span> <span class='ocrx_word' id='word_1_169' title='bbox 509 2994 660 3070; x_wconf 79' lang='lat' dir='ltr'>diffisum·</span> <span class='ocrx_word' id='word_1_170' title='bbox 670 2996 760 3089; x_wconf 87' lang='lat' dir='ltr'>esse,</span> <span class='ocrx_word' id='word_1_171' title='bbox 787 2995 1010 3089; x_wconf 82' lang='lat' dir='ltr'>ut&#39;quispiam</span> <span class='ocrx_word' id='word_1_172' title='bbox 1023 2994 1287 3070; x_wconf 82' lang='lat' dir='ltr'>existimaverit.</span> <span class='ocrx_word' id='word_1_173' title='bbox 1314 2992 1388 3066; x_wconf 85' lang='lat' dir='ltr'>Sed·</span> 
     </span>
     <span class='ocr_line' id='line_1_27' title="bbox 321 3092 1384 3192; baseline -0.007 -22"><span class='ocrx_word' id='word_1_174' title='bbox 321 3095 420 3170; x_wconf 86' lang='lat' dir='ltr'>sorte</span> <span class='ocrx_word' id='word_1_175' title='bbox 435 3095 606 3187; x_wconf 66' lang='lat' dir='ltr'>qui&#39;prins</span> <span class='ocrx_word' id='word_1_176' title='bbox 623 3097 785 3192; x_wconf 80' lang='lat' dir='ltr'>credidit,</span> <span class='ocrx_word' id='word_1_177' title='bbox 795 3116 893 3168; x_wconf 91' lang='lat' dir='ltr'>nunc</span> <span class='ocrx_word' id='word_1_178' title='bbox 905 3096 1011 3169; x_wconf 81' lang='lat' dir='ltr'>etiarn</span> <span class='ocrx_word' id='word_1_179' title='bbox 1027 3092 1171 3187; x_wconf 76' lang='lat' dir='ltr'>quaerit,</span> <span class='ocrx_word' id='word_1_180' title='bbox 1188 3093 1283 3167; x_wconf 91' lang='lat' dir='ltr'>unde</span> <span class='ocrx_word' id='word_1_181' title='bbox 1298 3113 1384 3188; x_wconf 88' lang='lat' dir='ltr'>cog·</span> 
     </span>
     <span class='ocr_line' id='line_1_28' title="bbox 322 3192 1386 3286; baseline -0.006 -17"><span class='ocrx_word' id='word_1_182' title='bbox 322 3194 470 3285; x_wconf 86' lang='lat' dir='ltr'>noscat,</span> <span class='ocrx_word' id='word_1_183' title='bbox 489 3215 566 3285; x_wconf 84' lang='lat' dir='ltr'>quae</span> <span class='ocrx_word' id='word_1_184' title='bbox 583 3193 617 3268; x_wconf 92' lang='lat' dir='ltr'>se</span> <span class='ocrx_word' id='word_1_185' title='bbox 632 3195 835 3269; x_wconf 86' lang='lat' dir='ltr'>habitururn</span> <span class='ocrx_word' id='word_1_186' title='bbox 851 3195 1012 3270; x_wconf 87' lang='lat' dir='ltr'>credidit.</span> <span class='ocrx_word' id='word_1_187' title='bbox 1039 3194 1128 3268; x_wconf 91' lang='lat' dir='ltr'>Non</span> <span class='ocrx_word' id='word_1_188' title='bbox 1144 3192 1313 3286; x_wconf 79' lang='lat' dir='ltr'>praecipit</span> <span class='ocrx_word' id='word_1_189' title='bbox 1324 3212 1386 3266; x_wconf 84' lang='lat' dir='ltr'>au·</span> 
     </span>
     <span class='ocr_line' id='line_1_29' title="bbox 324 3292 1386 3387; baseline 0 -21"><span class='ocrx_word' id='word_1_190' title='bbox 324 3309 399 3366; x_wconf 83' lang='lat' dir='ltr'>tem</span> <span class='ocrx_word' id='word_1_191' title='bbox 417 3292 757 3387; x_wconf 84' lang='lat' dir='ltr'>AbrahamoDeus,</span> <span class='ocrx_word' id='word_1_192' title='bbox 779 3309 822 3367; x_wconf 90' lang='lat' dir='ltr'>ut</span> <span class='ocrx_word' id='word_1_193' title='bbox 839 3292 1036 3387; x_wconf 84' lang='lat' dir='ltr'>sacrificet,</span> <span class='ocrx_word' id='word_1_194' title='bbox 1062 3292 1122 3367; x_wconf 90' lang='lat' dir='ltr'>sed</span> <span class='ocrx_word' id='word_1_195' title='bbox 1141 3296 1223 3387; x_wconf 91' lang='lat' dir='ltr'>quia</span> <span class='ocrx_word' id='word_1_196' title='bbox 1236 3307 1386 3367; x_wconf 75' lang='lat' dir='ltr'>veteres</span> 
     </span>
     <span class='ocr_line' id='line_1_30' title="bbox 323 3391 1107 3470; baseline -0.001 -2"><span class='ocrx_word' id='word_1_197' title='bbox 323 3395 384 3468; x_wconf 91' lang='lat' dir='ltr'>sua</span> <span class='ocrx_word' id='word_1_198' title='bbox 402 3394 536 3466; x_wconf 89' lang='lat' dir='ltr'>foedera</span> <span class='ocrx_word' id='word_1_199' title='bbox 553 3394 607 3465; x_wconf 82' lang='lat' dir='ltr'>his</span> <span class='ocrx_word' id='word_1_200' title='bbox 626 3391 825 3470; x_wconf 87' lang='lat' dir='ltr'>firmabant.</span> <span class='ocrx_word' id='word_1_201' title='bbox 1028 3460 1031 3468; x_wconf 84' lang='lat'>.</span> <span class='ocrx_word' id='word_1_202' title='bbox 1104 3428 1107 3432; x_wconf 96' lang='lat'>·</span> 
     </span>
     <span class='ocr_line' id='line_1_31' title="bbox 336 3493 1387 3589; baseline -0.003 -28"><span class='ocrx_word' id='word_1_203' title='bbox 336 3513 338 3517; x_wconf 86' lang='lat'>·</span> <span class='ocrx_word' id='word_1_204' title='bbox 399 3496 531 3586; x_wconf 76' lang='lat' dir='ltr'>Quarto</span> <span class='ocrx_word' id='word_1_205' title='bbox 552 3509 658 3565; x_wconf 81' lang='lat' dir='ltr'>eurem</span> <span class='ocrx_word' id='word_1_206' title='bbox 674 3498 875 3589; x_wconf 81' lang='lat' dir='ltr'>generatione</span> <span class='ocrx_word' id='word_1_207' title='bbox 893 3509 1096 3566; x_wconf 78' lang='lat' dir='ltr'>revertentur</span> <span class='ocrx_word' id='word_1_208' title='bbox 1114 3493 1185 3563; x_wconf 72' lang='lat' dir='ltr'>itur.</span> <span class='ocrx_word' id='word_1_209' title='bbox 1234 3493 1387 3564; x_wconf 80' lang='lat' dir='ltr'>Nondion</span> 
     </span>
     <span class='ocr_line' id='line_1_32' title="bbox 324 3585 1420 3690; baseline -0.004 -25"><span class='ocrx_word' id='word_1_210' title='bbox 324 3601 409 3665; x_wconf 86' lang='lat' dir='ltr'>enim</span> <span class='ocrx_word' id='word_1_211' title='bbox 423 3595 634 3687; x_wconf 83' lang='lat' dir='ltr'>impietasunt</span> <span class='ocrx_word' id='word_1_212' title='bbox 644 3609 765 3690; x_wconf 80' lang='lat' dir='ltr'>peccota</span> <span class='ocrx_word' id='word_1_213' title='bbox 775 3594 1026 3665; x_wconf 79' lang='lat' dir='ltr'>Amorrbaeerum</span> <span class='ocrx_word' id='word_1_214' title='bbox 1039 3594 1131 3689; x_wconf 63' lang='lat' dir='ltr'>eisque</span> <span class='ocrx_word' id='word_1_215' title='bbox 1143 3587 1260 3684; x_wconf 74' lang='lat' dir='ltr'>nune]</span> <span class='ocrx_word' id='word_1_216' title='bbox 1289 3585 1386 3689; x_wconf 81' lang='lat' dir='ltr'>Qua·</span> <span class='ocrx_word' id='word_1_217' title='bbox 1418 3597 1420 3602; x_wconf 81' lang='grc'><strong>’</strong></span> 
     </span>
     <span class='ocr_line' id='line_1_33' title="bbox 325 3687 1386 3788; baseline -0.006 -23"><span class='ocrx_word' id='word_1_218' title='bbox 325 3695 598 3788; x_wconf 87' lang='lat' dir='ltr'>dringentorum</span> <span class='ocrx_word' id='word_1_219' title='bbox 610 3714 783 3768; x_wconf 86' lang='lat' dir='ltr'>annorum</span> <span class='ocrx_word' id='word_1_220' title='bbox 801 3691 950 3787; x_wconf 77' lang='lat' dir='ltr'>spatium</span> <span class='ocrx_word' id='word_1_221' title='bbox 967 3693 1086 3769; x_wconf 88' lang='lat' dir='ltr'>datum</span> <span class='ocrx_word' id='word_1_222' title='bbox 1105 3690 1175 3785; x_wconf 86' lang='lat' dir='ltr'>est,</span> <span class='ocrx_word' id='word_1_223' title='bbox 1203 3700 1245 3763; x_wconf 88' lang='lat' dir='ltr'>ut</span> <span class='ocrx_word' id='word_1_224' title='bbox 1266 3687 1386 3764; x_wconf 90' lang='lat' dir='ltr'>multi-</span> 
     </span>
     <span class='ocr_line' id='line_1_34' title="bbox 324 3788 1386 3887; baseline -0.004 -24"><span class='ocrx_word' id='word_1_225' title='bbox 324 3794 520 3886; x_wconf 85' lang='lat' dir='ltr'>plicaretur</span> <span class='ocrx_word' id='word_1_226' title='bbox 534 3792 686 3866; x_wconf 81' lang='lat' dir='ltr'>Abrahae</span> <span class='ocrx_word' id='word_1_227' title='bbox 699 3791 840 3886; x_wconf 83' lang='lat' dir='ltr'>semen,</span> <span class='ocrx_word' id='word_1_228' title='bbox 856 3788 1033 3865; x_wconf 83' lang='lat' dir='ltr'>&amp;fierent</span> <span class='ocrx_word' id='word_1_229' title='bbox 1048 3792 1155 3887; x_wconf 81' lang='lat' dir='ltr'>signa,</span> <span class='ocrx_word' id='word_1_230' title='bbox 1172 3810 1249 3884; x_wconf 83' lang='lat' dir='ltr'>quae</span> <span class='ocrx_word' id='word_1_231' title='bbox 1267 3789 1386 3862; x_wconf 90' lang='lat' dir='ltr'>conti·</span> 
     </span>
     <span class='ocr_line' id='line_1_35' title="bbox 324 3892 1464 3990; baseline -0.004 -28"><span class='ocrx_word' id='word_1_232' title='bbox 324 3906 466 3988; x_wconf 85' lang='lat' dir='ltr'>gerunt.</span> <span class='ocrx_word' id='word_1_233' title='bbox 521 3892 618 3990; x_wconf 88' lang='lat' dir='ltr'>Quid</span> <span class='ocrx_word' id='word_1_234' title='bbox 639 3912 725 3989; x_wconf 89' lang='lat' dir='ltr'>ergo</span> <span class='ocrx_word' id='word_1_235' title='bbox 745 3893 842 3985; x_wconf 84' lang='lat' dir='ltr'>hoc,</span> <span class='ocrx_word' id='word_1_236' title='bbox 870 3895 1009 3963; x_wconf 75' lang='lat' dir='ltr'>nondum</span> <span class='ocrx_word' id='word_1_237' title='bbox 1027 3892 1153 3987; x_wconf 73' lang='lat' dir='ltr'>impiere</span> <span class='ocrx_word' id='word_1_238' title='bbox 1164 3892 1244 3979; x_wconf 73' lang='lat' dir='ltr'>fient</span> <span class='ocrx_word' id='word_1_239' title='bbox 1259 3905 1386 3984; x_wconf 80' lang='lat' dir='ltr'>peccare</span> <span class='ocrx_word' id='word_1_240' title='bbox 1457 3909 1464 3958; x_wconf 92' lang='lat'>·.</span> 
     </span>
     <span class='ocr_line' id='line_1_36' title="bbox 324 3988 1426 4084; baseline -0.001 -25"><span class='ocrx_word' id='word_1_241' title='bbox 324 3988 600 4084; x_wconf 61' lang='lat' dir='ltr'>Antoniorum?</span> <span class='ocrx_word' id='word_1_242' title='bbox 624 4005 665 4063; x_wconf 90' lang='lat' dir='ltr'>ut</span> <span class='ocrx_word' id='word_1_243' title='bbox 682 3990 887 4066; x_wconf 87' lang='lat' dir='ltr'>ostenderet</span> <span class='ocrx_word' id='word_1_244' title='bbox 906 4013 970 4063; x_wconf 85' lang='lat' dir='ltr'>eos</span> <span class='ocrx_word' id='word_1_245' title='bbox 987 3991 1066 4081; x_wconf 85' lang='lat' dir='ltr'>jure</span> <span class='ocrx_word' id='word_1_246' title='bbox 1084 3990 1215 4084; x_wconf 84' lang='lat' dir='ltr'>expelli</span> <span class='ocrx_word' id='word_1_247' title='bbox 1234 4000 1386 4082; x_wconf 84' lang='lat' dir='ltr'>propter</span> <span class='ocrx_word' id='word_1_248' title='bbox 1423 4013 1426 4032; x_wconf 92' lang='lat'><em>·</em></span> 
     </span>
     <span class='ocr_line' id='line_1_37' title="bbox 325 4087 1464 4258; baseline 0 -94"><span class='ocrx_word' id='word_1_249' title='bbox 325 4106 487 4185; x_wconf 84' lang='lat' dir='ltr'>peccata.</span> <span class='ocrx_word' id='word_1_250' title='bbox 513 4087 657 4165; x_wconf 81' lang='lat' dir='ltr'>Etenim</span> <span class='ocrx_word' id='word_1_251' title='bbox 677 4112 756 4164; x_wconf 85' lang='lat' dir='ltr'>cunr</span> <span class='ocrx_word' id='word_1_252' title='bbox 773 4090 841 4165; x_wconf 88' lang='lat' dir='ltr'>ait:</span> <span class='ocrx_word' id='word_1_253' title='bbox 872 4095 1009 4166; x_wconf 83' lang='lat' dir='ltr'>Peniret</span> <span class='ocrx_word' id='word_1_254' title='bbox 1023 4113 1089 4184; x_wconf 49' lang='grc' dir='ltr'>ως</span> <span class='ocrx_word' id='word_1_255' title='bbox 1103 4088 1401 4258; x_wconf 50' lang='grc' dir='ltr'>ηαυὶιοεὰὶεξ,</span> <span class='ocrx_word' id='word_1_256' title='bbox 1424 4095 1464 4164; x_wconf 80' lang='grc'>“.</span> 
     </span>
     <span class='ocr_line' id='line_1_38' title="bbox 496 4209 1445 4284; baseline -0.008 -47"><span class='ocrx_word' id='word_1_257' title='bbox 496 4231 524 4242; x_wconf 83' lang='grc'>.,</span> <span class='ocrx_word' id='word_1_258' title='bbox 1121 4229 1125 4234; x_wconf 79' lang='grc'>,</span> <span class='ocrx_word' id='word_1_259' title='bbox 1261 4209 1344 4284; x_wconf 26' lang='grc' dir='ltr'>ψ).</span> <span class='ocrx_word' id='word_1_260' title='bbox 1442 4223 1445 4228; x_wconf 91' lang='grc'><em>.</em></span> 
     </span>
    </p>
   </div>
   <div class='ocr_carea' id='block_1_3' title="bbox 0 0 1722 4692">
    <p class='ocr_par' dir='ltr' id='par_1_8' title="bbox 0 0 1722 4692">
     <span class='ocr_line' id='line_1_39' title="bbox 0 0 1722 4692; baseline 0 0"><span class='ocrx_word' id='word_1_261' title='bbox 0 0 1722 4692; x_wconf 95' lang='lat' dir='ltr'> </span> 
     </span>
    </p>
   </div>
  </div>
 </body>
</html>
