3417 4692
362 449 441 540 an
675 405 1111 519 ·0nioeues

255 663 258 674 .
361 605 461 780 {esus
482 601 647 702 Christus,
672 609 975 700 paronomasia,
1001 603 1039 679 U
1055 627 1115 673 nos
1128 620 1185 699 por
1203 601 1315 698 ipsum.
1370 597 1447 677 Sed

414 705 453 780 ln
473 704 596 780 multia
619 702 694 776 aliis
713 704 878 779 invenies
901 701 1082 797 scripturae
1100 703 1191 776 locis
1209 702 1299 775 deos
1324 701 1447 774 nomi·

309 797 315 811 ’
360 806 467 897 nari,
493 802 639 878 ficut&
659 803 743 876 alibi
767 803 876 878 dicit:
909 806 1072 900 Quoniam
1102 807 1261 873 Dominus
1269 805 1444 894 jammes,

360 905 539 984 terribilis,
564 903 604 980 U
619 925 678 977 rex
694 927 821 1000 magnus
833 903 929 1002 super
942 928 1044 975 omnes
1062 905 1146 981 deos:
1171 901 1229 993 &,
1260 905 1353 974 Dens
1375 911 1447 972 deo.

360 1027 433 1078 rum
452 1006 612 1076 Dominus
628 1002 775 1097 loquutus
792 1002 849 1100 afli
875 1002 931 1092 ἃ,
960 1006 998 1075 In
1012 1005 1110 1076 medio
1122 1018 1230 1073 aulem
1247 1004 1314 1073 cleos
1330 1001 1446 1091 discor·

321 1097 325 1107 ’
360 1109 430 1183 nit.
479 1102 540 1196 De
556 1102 710 1178 dominis
734 1102 829 1177 idem
850 1100 1049 1196 'Apostolus
1067 1103 1178 1178 dicit:
1206 1105 1284 1172 Sive
1298 1105 1445 1191 toroni,

352 1204 428 1303 five
447 1204 696 1289 dominationes,
712 1204 781 1300 five
794 1204 981 1299 potestates,
1008 1208 1113 1273 omnio
1126 1224 1182 1298 per
1195 1203 1313 1298 ipsum,
1343 1203 1385 1278 (5
1408 1209 1446 1275 in

363 1305 428 1401 ipfh
442 1302 762 1390 omniacrearasum.
814 1301 1095 1377 Dominationes
1112 1317 1228 1377 autem
1242 1303 1329 1377 nihil
1344 1301 1445 1377 aliud

298 1412 300 1418 '
365 1404 470 1497 sunt,
499 1424 603 1496 quam
621 1403 715 1475 ordo
743 1401 885 1494 quidam
913 1402 946 1475 ot
971 1402 1166 1477 multitudo
1193 1401 1444 1481 dominorum.
1483 1404 1484 1411 ’

332 1569 335 1576 .
362 1501 407 1582 In
425 1523 499 1596 quo
526 1499 589 1600 (ut
607 1503 693 1576 mini
711 1502 878 1600 videtur)
895 1499 1029 1577 sensum
1049 1502 1137 1598 legis
1156 1500 1371 1575 lucidiorem
1392 1501 1446 1576 fe*-

320 1615 323 1620 '
364 1601 619 1695 citapoitolus
638 1601 778 1678 Paulus.
829 1601 921 1674 'l'ale
943 1600 994 1675 est
1013 1602 1105 1682 enim
1129 1605 1227 1694 quod
1246 1601 1353 1675 dicit:
1382 1599 1443 1678 Li·
1483 1600 1484 1690 ζ

365 1716 427 1778 cet
443 1701 509 1777 smt
529 1702 633 1775 multi
652 1702 811 1795 domini,
837 1702 897 1796 qui
913 1702 987 1773 aliis
1003 1702 1170 1801 gentibus
1187 1700 1441 1796 dominentur,
1481 1713 1484 1774 l

365 1801 467 1880 &dii
482 1804 608 1896 multi,
636 1804 694 1893 qui
719 1806 762 1874 ab
788 1802 864 1875 aliis
885 1803 1073 1893 colantur,
1101 1799 1160 1876 sed
1186 1802 1316 1891 nobis,
1345 1821 1442 1875 unus
1481 1829 1484 1860 ε

364 1900 468 1978 Deus
492 1922 586 1977 unus
609 1900 802 1976 Dominus.
855 1899 954 1998 Quid
983 1917 1103 1976 autem
1126 1897 1353 1975 consentin
1377 1901 1444 1975 diis

364 2003 515 2097 multis,
552 2001 614 2075 vel
639 2000 793 2076 dominis
815 2001 967 2093 multis,
999 2001 1025 2078 fi
1048 2003 1188 2076 intente
1207 1999 1240 2072 δι
1262 2001 1445 2091 patienter

367 2102 519 2190 auditis,
545 2099 618 2192 ipsa
633 2121 702 2175 nos
719 2098 893 2194 scriptura
908 2103 1046 2198 poteris
1061 2101 1228 2174 edocere.
1263 2096 1329 2171 An
1345 2102 1443 2178 enim

366 2199 462 2276 idem
477 2197 600 2273 Moses
615 2200 653 2272 in
671 2198 956 2276 Deuteronomii
973 2201 1139 2275 cantico:
1169 2201 1446 2291 comitatiores,
1482 2279 1484 2294 Ι

369 2300 508 2392 inquit,
535 2299 667 2385 excelsus
686 2316 819 2393 gentes,
848 2296 887 2377 (5
904 2301 1087 2398 dispergeret
1106 2302 1185 2388 filios
1205 2300 1298 2384 Ala,
1320 2300 1445 2399 statuit

372 2403 526 2473 terminos
539 2404 704 2494 gentium,
724 2399 893 2490 secundum
909 2425 1076 2473 numerum
1096 2405 1272 2495 angelorum
1295 2406 1377 2487 Dei,
1403 2403 1445 2489 ξφ

364 2496 460 2597 [aiio
477 2498 517 2599 est
532 2505 635 2597 portio
655 2504 789 2574 nomem
799 2502 931 2597 populus
956 2506 1024 2598 ejus
1042 2504 1167 2599 Jacob,
1190 2499 1360 2590 funiculus
1381 2502 1444 2572 ba·

370 2603 523 2673 rediretis
538 2603 607 2696 ejus
625 2600 729 2688 lsrael.
781 2599 943 2699 Angelos
960 2602 1090 2697 igitur,
1120 2601 1246 2693 quibus
1268 2605 1443 2697 regendas

373 2712 500 2802 gentes
519 2699 694 2786 commisn
708 2698 977 2791 excelius‚'vel
997 2702 1085 2774 deos
1103 2702 1293 2794 appellari,
1324 2704 1357 2774 oe
1380 2703 1445 2773 do·

255 2813 260 2824 '
371 2802 491 2877 minos
509 2798 672 2889 constat3
699 2801 787 2873 deos
806 2801 900 2889 quan
922 2822 941 2872 a
962 2800 1045 2873 Deo
1065 2800 1192 2889 datos,
1219 2800 1440 2874 &dominos

374 2900 501 2995 questa
516 2897 679 2973 Domino
696 2898 810 2975 sortiti
824 2900 891 2972 sun
908 2898 1133 2993 potestatem.
1184 2899 1342 2975 Unde&
1362 2901 1441 2973 Do·

373 3000 491 3077 minus
510 2999 652 3073 dicebat
669 3000 713 3073 ad
727 3001 897 3095 angelos,
925 3001 1074 3092 quinon
1095 2998 1332 3072 servaverunt
1345 2999 1444 3077 suum

373 3099 640 3196 principatum:
670 3102 732 3195 Ego
755 3104 841 3185 dixi,
878 3102 924 3171 dii
943 3100 1031 3198 eflis,
1067 3099 1106 3176 io
1119 3103 1187 3187 filii
1205 3099 1308 3195 extoli
1327 3126 1444 3176 omnes.

383 3203 450 3274 Vos
468 3215 573 3271 autem
592 3218 630 3270 ut
652 3201 793 3271 homines
812 3204 1014 3283 moriemini,
1042 3201 1078 3276 (5
1095 3201 1174 3293 ficut
1195 3225 1278 3270 unus
1298 3202 1333 3270 ie
1349 3205 1446 3296 prin·

374 3298 493 3398 cipibus
511 3300 648 3369 cadetis:
672 3299 851 3374 imitantes
872 3296 1006 3374 soilicet
1031 3299 1212 3373 diabolum
1229 3353 1240 3387 ,
1269 3301 1328 3389 qui
1348 3301 1444 3393 prin·

377 3419 463 3493 ceps
488 3399 648 3473 omnium
673 3398 783 3474 faiius
809 3398 860 3471 est
887 3397 929 3472 ad
955 3399 1103 3477 ruinam.
1157 3399 1263 3471 Unde
1282 3398 1444 3494 constat,

380 3497 480 3598 quod
507 3500 725 3574 execrabiles
754 3499 837 3572 illos
859 3498 947 3574 fecit
972 3501 1251 3593 pravaricatio,
1286 3521 1365 3572 non
1384 3521 1446 3574 na·

378 3610 472 3675 tura.
522 3594 609 3674 Tibi
635 3619 746 3696 ergo,
774 3599 974 3693 opopulus
998 3619 1097 3671 meus
1122 3597 1252 3689 Israel,
1280 3601 1340 3689 qui
1363 3619 1445 3694 pars

379 3697 528 3791 Ueios,
556 3697 616 3789 qui
627 3698 805 3772 funiculus
819 3698 1034 3774 haereditatis
1053 3699 1128 3790 elus
1144 3696 1289 3771 effeilus
1307 3720 1361 3792 es,
1379 3722 1448 3771 non

381 3815 479 3872 'erum
490 3846 506 3883 ,.
525 3798 747 3891 inquitq«.alii
760 3802 823 3870 Dii
826 3815 945 3896 proter
954 3823 1019 3868 me:
1034 3800 1128 3889 „quia
1141 3819 1227 3871 vere
1242 3797 1343 3871 Deus
1354 3819 1445 3876 unus

383 3897 435 3975 est
449 3898 574 3992 Deus,
601 3896 740 3971 &vete
753 3897 933 3973 Dominus
950 3920 1042 3970 unus
1063 3897 1114 3969 est
1131 3898 1321 3973 Dominus.
1376 3899 1448 3972 Cu·

383 4000 471 4072 teris
489 4016 604 4091 vero,
631 3999 691 4090 qui
712 3998 754 4071 ab
779 3996 854 4091 ipso
881 3999 991 4071 creati
1010 3996 1110 4089 sunt,
1138 3999 1293 4071 contulit
1312 4019 1447 4076 nomen

288 4145 333 4227 ι
382 4096 579 4232 lllud'non
597 4112 755 4195 nature,
788 4097 848 4174 sed
873 4097 996 4198 gratia.
1043 4097 1183 4176 Verum
1200 4118 1248 4173 ne
1270 4098 1448 4277 εκίἑξῐέω
