3417 4692
263 397 268 412 ‘
402 403 410 445 ¹
594 415 1080 500 INEXODUM.
1299 437 1374 519 ru

314 580 478 680 poss'unt,
504 582 680 680 subiecit,
706 605 787 661 cum
804 585 908 659 dicit:
937 586 1066 682 Propter
1077 581 1157 681 quod
1163 576 1260 681 fleti·
1272 607 1378 680 gem

314 709 382 755 mea
399 688 439 755 ad
454 703 575 781 putrem
598 689 733 758 Drrur’m‘
750 685 847 784 nostri
871 683 953 784 Jesu
977 683 1113 782 Christi,
1139 709 1177 755 ex
1195 709 1254 781 quo
1270 690 1377 758 omnis

312 789 495 882 paternitas
519 792 557 859 in
577 788 660 859 cetis
676 786 715 864 σ
739 792 777 857 in
799 785 888 858 'terra
914 788 1111 855 nominatur.
1162 779 1213 857 Et
1232 785 1378 880 quidem

314 884 361 957 de
378 888 527 960 terrenis
541 887 814 981 paternitatibus
834 884 1034 962 intellectus
1049 903 1126 957 uon
1145 883 1289 961 videtur
1305 885 1378 962 ess'e

312 983 463 1060 difficilis
481 981 499 1061 ε’
527 1001 646 1079 patres
668 987 802 1062 etenim
826 987 983 1061 tribuum
1008 984 1069 1057 vel
1089 982 1305 1081 domorum,
1330 987 1377 1064 nt

316 1105 408 1175 quos
431 1084 595 1161 succeffio
617 1086 834 1181 posteritatis
854 1083 1039 1177 refertur,
1065 1081 1162 1156 fimul
1182 1092 1298 1164 omnis
1315 1108 1377 1182 pu·

316 1186 466 1261 termites
482 1181 716 1282 appellantur.
765 1186 805 1262 ln
821 1188 914 1259 coelo
930 1204 1022 1261 vero
1037 1181 1137 1274 quod
1154 1181 1260 1281 dicit,
1286 1208 1378 1280 quo·

315 1285 429 1370 modo
449 1300 510 1360 aut
527 1288 678 1381 qualiter
693 1287 922 1382 iintpatres,
947 1301 1009 1361 aut
1030 1303 1099 1380 pro
1117 1282 1245 1375 quibus
1260 1287 1379 1381 poste·

317 1385 482 1460 ritatibus
509 1385 658 1462 coelestis
690 1387 886 1481 paternitas
916 1388 1154 1476 nominetur,
1188 1386 1293 1480 ipsius
1325 1385 1379 1464 est

314 1484 420 1561 noue
440 1484 575 1584 solius,
602 1488 702 1584 cujus
718 1489 823 1561 celum
840 1485 907 1560 coeir'
926 1485 1003 1582 est,
1027 1499 1274 1585 terram-errem
1291 1489 1379 1562 dedit

309 1586 399 1682 filiis
422 1588 597 1659 hommum.

394 1707 427 1779 3.
454 1686 728 1763 Descenderunt
750 1707 838 1784 ergo
854 1686 893 1762 in
914 1684 1113 1783 AEgyptom
1132 1698 1278 1783 patrer,
1301 1686 1378 1765 Ru·

317 1785 411 1878 ben,
437 1786 618 1881 Symeon,
646 1787 760 1880 Levi,
787 1790 1003 1884 unusquisque
1020 1789 1191 1872 cum'rmni
1206 1789 1292 1860 dono
1302 1791 1378 1880 sua.

318 1887 521 1985 Quomodo
540 1889 617 1980 quis
635 1884 955 1980 concedissent,
981 1886 1081 1979 quod
1097 1903 1179 1963 cum
1195 1887 1296 1965 omni
1312 1888 1378 1966 do·

312 2007 380 2064 nro
398 1984 457 2062 suu
472 1981 973 2087 introieruntinAEgyptumt
1000 1986 1127 2081 quibus
1140 1986 1302 2066 additur:
1330 1990 1380 2064 Er

315 2109 441 2175 omnes,
467 2088 604 2181 inquit,
617 2095 731 2160 anima
743 2092 1022 2187 quintroierunr
1036 2111 1106 2161 cum
1122 2089 1239 2186 Jacob,
1263 2109 1377 2169 mv,

316 2185 389 2265 Hic
408 2188 479 2279 jnm
506 2187 727 2264 nominando
750 2189 883 2265 animas
912 2209 1007 2284 pene
1030 2188 1231 2266 nudaverat
1248 2189 1378 2288 myste-

313 2288 407 2362 rium
427 2285 540 2362 sermo
568 2290 831 2384 propheticus,
857 2288 957 2384 quod
982 2290 1117 2381 ubique
1137 2302 1379 2386 contexerat,

317 2399 359 2459 ut
376 2389 570 2480 proderet,
601 2389 700 2479 quod
723 2408 801 2462 non
823 2387 869 2462 de
891 2389 1139 2484 corporibus,
1163 2387 1223 2467 sed
1241 2390 1288 2468 de
1303 2391 1380 2466 ani·

315 2490 439 2564 mabus
455 2487 530 2562 haec
544 2486 641 2564 dicit.
691 2487 950 2563 Verumtamen
963 2488 1072 2564 habet
1082 2488 1198 2564 adhuc
1210 2492 1378 2569 velamen

316 2587 427 2662 suum.
478 2583 518 2661 In
538 2581 600 2659 usu
617 2607 770 2679 namque
787 2585 857 2661 effe
871 2585 1049 2681 creditur,
1075 2590 1205 2663 animos
1222 2607 1292 2690 pro
1311 2590 1379 2665 ho·
1436 2659 1440 2666 .

315 2685 470 2761 minibus
497 2686 676 2779 appellari.
734 2685 883 2760 Interim
907 2705 1018 2762 cxxv.
1042 2687 1166 2762 anime
1186 2685 1377 2764 descende-

314 2798 496 2860 runtcum
510 2785 624 2878 Jacob
640 2788 676 2859 in
689 2783 900 2884 AEgyptum.
932 2784 1010 2859 iste
1024 2781 1260 2878 suntinimae,
1288 2808 1377 2880 quar

319 2886 443 2982 genuit
462 2886 588 2979 Jacob.
638 2884 719 2983 Ego
736 2898 943 2980 neopum,
969 2885 1068 2978 quod
1093 2888 1242 2980 quilibet
1262 2889 1379 2966 homi·

313 3005 405 3060 num
430 2984 534 3076 poffit
560 2985 709 3062 animam
738 2987 912 3084 gignere,
946 2985 1010 3060 nist
1028 2983 1054 3060 si
1075 2988 1153 3080 quie
1172 2988 1271 3064 forte
1296 2987 1379 3065 tulii

319 3084 383 3176 fit,
411 3085 521 3174 qualis
535 3084 596 3159 ilie
621 3086 681 3181 qui
703 3084 870 3162 dicebat:
896 3088 985 3159 Nam
1002 3086 1058 3184 rtfi
1076 3088 1297 3164 multamilia
1314 3111 1380 3187 pa-

315 3185 500 3279 ·degogorum
514 3184 658 3257 iubam
668 3189 706 3258 irr
719 3187 863 3289 Christo,
875 3185 928 3274 scd
938 3209 1005 3258 nm
1020 3189 1134 3262 multos
1142 3205 1261 3286 parrer.
1288 3193 1379 3266 Nam

320 3289 358 3356 in
377 3285 503 3383 Christo
519 3284 599 3384 Jesu
617 3305 673 3382 prr
691 3287 903 3382 Evangeiium
916 3311 967 3380 ege
980 3311 1038 3359 vor
1052 3293 1159 3383 genui.
1208 3289 1267 3365 Isti
1284 3291 1376 3366 talee

320 3382 421 3479 sunt,
448 3383 508 3478 q'ui
529 3399 699 3481 generant
726 3388 878 3481 animae,
905 3385 1262 3486 unanimantem,
1285 3391 1378 3470 sicut

323 3484 454 3559 &alibi
468 3485 581 3560 dicit:-
601 3488 709 3560 uiliore·
718 3492 791 3582 mei,
830 3512 886 3558 uos
900 3492 1017 3558 iterum
1021 3496 1187 3588 parturio,
1207 3487 1379 3585 do'rucfor·

321 3602 424 3658 matur
441 3586 582 3686 Christus
598 3591 637 3658 in
654 3587 752 3665 vain.
784 3513 876 3665 ,exiii
897 3587 990 3662 enim
1012 3590 1214 3682 hujusmodi
1230 3611 1376 3688 genera·

321 3685 431 3762 tionis
445 3705 586 3781 curam,
611 3687 980 3780 admorunt-habere,
1006 3703 1276 3783 eutnequeunt.
1300 3689 1376 3770 Dc·

322 3784 431 3878 nique
441 3785 554 3861 statim
567 3786 604 3860 in
620 3785 729 3862 initiis
747 3783 820 3884 ipse
831 3788 947 3864 Adam
965 3789 1049 3880 quid
1063 3789 1176 3867 dicit?
1208 3795 1276 3863 Hoc
1291 3813 1376 3864 nune

325 3907 358 3953 or
373 3881 538 3976 de'rffibur
554 3892 649 3976 meis,
674 3883 713 3963 u
729 3910 799 3959 caro
818 3890 966 3962 decarne
987 3915 1070 3979 mea,
1095 3895 1174 3965 nec*
1185 3905 1303 3966 tamen
1318 3890 1376 3967 ad·

324 3984 434 4076 didit,
461 3982 508 4057 Et
523 3987 637 4061 anima
652 3987 697 4060 de
717 3987 832 4064 anima
845 4009 935 4067 mea.
955 4031 965 4052 s
987 3987 1057 4064 Sed
1081 3992 1190 4066 veiim
1215 3991 1299 4066 mihi
1326 3991 1376 4067 di·

278 4197 280 4202 Ι
325 4105 425 4163 cerer
440 4105 465 4160 o
482 4082 619 4186 brion,
643 4085 726 4163 fior
744 4088 789 4164 de
804 4091 876 4166 tuis
890 4089 1018 4168 ostibus
1032 4089 1232 4194 agnovisti,
1246 4089 1377 4260 &wgo-
