3417 4692
411 425 413 432 ·
498 402 873 530 suburram
899 397 1194 484 ouunsrm.
1331 365 1378 505 η’

314 572 428 652 LXX.
455 587 575 668 vern,
608 575 670 644 Hic
684 570 725 665 es
747 572 830 645 liber
841 559 1061 667 generationis
1086 572 1258 644 bominum.
1312 570 1379 645 Pu·

315 675 414 750 tavit
429 675 523 750 enim
536 674 642 747 etiam
661 670 736 747 hoc
755 674 844 747 loco
870 693 1023 774 vocem,
1050 674 1149 763 liber,
1173 667 1379 766 protermis·

316 775 388 850 sum
410 771 533 866 iuiss'e,
558 773 774 864 usqueadeo
791 775 886 846 illam
903 773 1042 867 adjecit.
1066 789 1072 800 ·

396 876 446 947 Er
465 879 634 969 pinoruvit
658 877 745 944 Deus
765 874 948 970 paradisum
970 882 1007 945 in
1033 875 1131 947 Edem
1148 875 1190 944 ai
1206 877 1379 961 orientem,

316 974 356 1052 (5
372 973 479 1072 prfuit
496 972 755 1061 illuminem,
781 997 872 1071 quem
895 972 1109 1065 formaverat.
1163 974 1211 1047 Et
1228 974 1382 1070 potuere

321 1083 413 1148 Deus
428 1081 544 1145 iterum
562 1099 601 1145 ex
616 1087 703 1145 terra
718 1097 806 1144 omne
823 1073 944 1168 lignum
956 1075 1122 1170 pulchrum
1135 1075 1176 1144 ad
1196 1074 1380 1160 videndum,

319 1176 357 1253 U
375 1176 491 1268 unum
512 1175 554 1245 ai
571 1170 815 1269 comedendum]
867 1171 958 1249 Cum
973 1177 1075 1248 inter·
1086 1171 1276 1269 legendum
1293 1194 1313 1246 a
1332 1170 1384 1245 sa·

319 1276 414 1349 bulis
432 1273 499 1347 &a
516 1273 645 1346 literali
661 1273 961 1365 interpretatione
977 1272 1193 1347 ascendimus
1212 1270 1245 1345 ἃ
1261 1272 1385 1363 quari·

319 1396 422 1467 mus,
436 1393 595 1465 quasnam
609 1372 670 1446 illa
684 1372 778 1470 ligna
790 1372 880 1464 sint,
901 1395 978 1466 quae
995 1375 1095 1447 Deus
1108 1373 1217 1465 colit,
1234 1370 1385 1444 dicimus

320 1477 358 1548 in
378 1495 427 1547 eo
444 1476 532 1546 loco
544 1473 663 1570 ligna,
683 1494 761 1566 qua
781 1471 878 1547 sensu
897 1473 1031 1568 percipi
1042 1471 1212 1567 possunt,
1236 1490 1315 1545 non
1329 1488 1386 1545 re·

350 1592 450 1648 errrt.

324 1596 347 1669 p
402 1669 581 1790 Ejusdem]
628 1676 768 1744 Hortum
782 1673 820 1741 in
842 1668 940 1745 Edem
955 1673 1075 1766 posuit
1090 1672 1289 1767 interpres,
1313 1664 1388 1760 ipsa

322 1771 405 1846 usus
422 1792 521 1846 voce
540 1772 718 1849 hebraica.
767 1769 919 1865 Proprie
940 1783 1057 1845 autem
1081 1768 1195 1846 Edem
1214 1769 1389 1863 interpre-

323 1874 434 1961 teris,
459 1872 555 1947 tuce.
579 1870 850 1966 Tradunt-ergo
865 1871 1009 1945 Hebraei
1023 1874 1163 1962 locum,
1188 1871 1314 1961 inquo
1328 1889 1387 1959 pa·

324 1969 478 2045 radisum
494 1972 556 2043 vel
568 1970 716 2044 hortum
731 1970 909 2061 plantavit
923 1970 1101 2044 Dominus
1117 1971 1239 2063 Deus,
1273 1963 1389 2041 Edem

326 2070 485 2162 vocari,
512 2069 546 2143 br
570 2071 669 2144 aiunt
683 2067 796 2163 ipsum
815 2070 937 2143 mundi
956 2072 1111 2144 medium
1130 2068 1200 2143 esse
1217 2081 1259 2139 ut
1274 2069 1392 2161 pupil-

326 2173 400 2248 lam
420 2170 538 2263 oculi,
563 2191 712 2261 eamque
732 2171 872 2243 obrem
892 2168 1043 2244 fluvium
1060 2168 1189 2243 Phison
1213 2168 1392 2261 interpre-

329 2271 399 2345 tari
418 2288 461 2341 os
478 2269 639 2363 pupilles,
663 2284 705 2341 ut
722 2271 781 2359 qui
796 2269 929 2362 primus
948 2291 993 2344 ex
1009 2269 1121 2342 Edem
1139 2267 1272 2342 fluvius
1290 2286 1391 2362 egre·

330 2370 460 2444 diatur.
509 2367 622 2467 Quod
638 2368 812 2461 tradunt,
837 2367 1007 2460 eiusmodi
1030 2368 1103 2443 est:
1129 2366 1268 2460 Edem,
1292 2363 1393 2458 quod

330 2470 608 2559 interpretamur
624 2470 732 2555 dulce,
755 2468 857 2565 prior
873 2470 984 2542 horto
1002 2471 1148 2558 extirir3
1175 2468 1213 2542 in
1231 2486 1278 2540 eo
1296 2466 1393 2540 enim
1445 2553 1450 2562 Ι

331 2569 463 2642 hortus
484 2564 535 2639 est
553 2568 722 2644 confitus.

412 2667 460 2738 Er
479 2690 593 2737 aurum
613 2684 705 2740 terra
727 2668 810 2736 isius
827 2663 975 2757 bonum]
999 2689 1001 2693 ·
1028 2662 1120 2738 Cum
1140 2666 1249 2739 nobis
1274 2663 1394 2737 virtus

335 2766 579 2857 osinimutat,
605 2764 809 2864 animusque
823 2767 1001 2839 bonarum
1017 2764 1279 2860 cogitationum
1296 2783 1396 2836 com·

335 2866 406 2961 pbs
427 2864 497 2957 est,
523 2868 756 2940 tuncbonam
771 2867 833 2938 alit
850 2864 1068 2957 doctrinam,
1095 2884 1226 2960 quam,
1253 2877 1297 2937 ut
1316 2860 1397 2937 sub·

338 2963 491 3039 obscure
507 2963 718 3059 significaret
731 2963 928 3057 scriptura,
955 2964 1067 3038 dixit:
1092 2965 1344 3036 serenianum.
1425 2961 1428 2966 ’

415 3066 464 3137 Er
476 3089 588 3135 nomen
603 3067 738 3157 secundo
757 3064 890 3162 flumini
912 3068 999 3137 Goon
1014 3060 1042 3149 3⁵
1060 3064 1116 3135 hor
1135 3064 1175 3161 est
1191 3063 1268 3161 quod
1284 3066 1398 3133 diruit

339 3182 440 3236 eornm
465 3182 583 3236 terram
607 3162 818 3261 AEruropiae.]
868 3162 1094 3257 AEthiopiae,
1134 3184 1212 3256 qum
1230 3163 1400 3238 hebraice

338 3266 470 3337 dicitur
494 3263 644 3358 Chus,:
669 3260 841 3362 fignificat
867 3274 988 3337 autem
1009 3266 1188 3339 tenebras.
1238 3262 1338 3361 Ergo
1355 3261 1398 3337 ab

340 3364 557 3458 AEthiopia‚
594 3366 667 3439 hoc
692 3364 762 3456 est,
798 3361 957 3456 aChus,
996 3364 1045 3436 ob
1074 3365 1397 3456 commoturum,

342 3485 451 3558 quem
464 3484 536 3558 prae
549 3467 685 3539 caeteris
698 3463 1015 3540 habuitstatribus.

423 3562 473 3638 Er
484 3566 591 3663 posuit
606 3567 698 3639 iilum
713 3571 751 3635 in
765 3559 939 3660 paradiso]
966 3563 1038 3661 Qui
1059 3582 1125 3656 per
1143 3561 1304 3636 divinum
1318 3561 1403 3656 bap·

342 3662 445 3738 tisma
457 3664 710 3758 renascuntur,
729 3666 767 3737 in
779 3661 938 3758 paradiso
952 3675 1158 3757 ponuntur,
1183 3660 1340 3755 horest,
1366 3663 1405 3736 in

342 3762 526 3860 Ecclesia,
543 3779 585 3838 ut
598 3779 808 3860 operentur,
820 3775 901 3853 puae
913 3762 1010 3835 intus
1023 3760 1124 3853 sunt,
1141 3762 1306 3855 spiritaha
1318 3781 1407 3855 ope·

343 3884 406 3955 ra3
434 3866 659 3962 &accipiunt
670 3864 886 3955 mandatum,
911 3877 953 3935 ut
966 3881 1091 3934 omnes
1105 3863 1231 3936 fratres
1247 3862 1408 3959 diligant,

347 3988 390 4039 ac
407 3966 581 4059 frustum,
607 3967 667 4059 qui
691 3987 736 4038 ex
751 3962 923 4057 patientia
937 3963 1139 4059 provenit,
1164 3962 1294 4054 edant,
1321 3964 1410 4036 srcut

348 4066 482 4144 dietum
505 4065 577 4142 est:
604 4070 659 4142 Ex
683 4069 771 4142 uerri
788 4064 892 4241 sigge,
925 4066 1004 4165 quos
1023 4064 1062 4164 eps
1088 4068 1127 4145 in
1151 4064 1297 4164 perudiso
1312 4105 1329 4151 ,
1347 4066 1421 4144 sies

888 4187 911 4271 5
1307 4165 1394 4240 ubst.
