3417 4692
299 4157 326 4223 Ι

311 321 454 506 ‘rae
704 397 1112 492 carcanus

378 582 460 664 tur,
485 587 568 644 cum
586 567 712 644 ionum
734 564 923 663 superserit
941 567 1079 648 tritico.
1128 563 1220 652 Non
1241 583 1328 662 ergo
1348 558 1438 640 ruffi.

379 673 431 743 cit
450 665 594 760 animae,¹
619 681 662 744 ut
678 665 770 745 casta
790 667 834 744 fit
858 687 1038 762 corpore,
1065 686 1158 758 opus
1178 665 1250 758 est,
1275 679 1318 736 ut
1330 665 1366 738 d.
1381 667 1437 738 uir

376 769 438 850 hic
452 767 612 864 pessimus
628 788 705 846 nou
721 768 940 862 cognoverit
953 788 1042 846 eam.
1091 763 1214 838 Potest
1231 765 1325 838 enim
1343 760 1436 856 fieri,

281 924 285 928 .
376 868 561 946 uthubeat
576 870 655 962 quis
667 867 872 968 incorpore
888 867 1144 960 virginitatem,
1161 864 1195 938 dr
1211 861 1435 961 cognoscens

375 965 482 1048 istum
501 966 618 1040 virum
640 965 819 1059 pessimum
838 966 1019 1048 diabolum
1043 978 1149 1058 atque
1166 965 1210 1038 ab
1234 986 1280 1036 eo
1300 983 1437 1035 concu-

377 1065 557 1162 piscentiae
574 1067 691 1158 jacula
705 1068 741 1140 in
761 1065 874 1160 corde
891 1063 1077 1160 suscipiens
1102 1063 1225 1138 anima
1242 1062 1439 1155 perdiderit

247 1207 255 1236 ι.
322 1207 325 1214 =
378 1166 597 1240 castitatem
656 1167 751 1261 Quia
774 1187 862 1262 ergo
890 1165 1061 1240 Rebecca
1083 1167 1188 1258 virgo
1216 1177 1294 1236 erat
1320 1160 1437 1235 santia

376 1285 536 1360 torpore
558 1263 593 1338 a
615 1262 761 1360 spiritu,
792 1267 931 1342 idcirco
956 1265 1032 1358 ejus
1055 1263 1213 1358 duplicat
1238 1261 1377 1338 laudem
1400 1260 1437 1333 dt

378 1367 488 1441 dicit:
519 1368 616 1460 Virgo
632 1382 720 1450 erat,
745 1365 783 1440 si
800 1373 857 1436 vir
873 1389 940 1436 nun
951 1381 1136 1460 cognoverat
1152 1388 1227 1433 eam.
1275 1360 1437 1455 Vespere

377 1484 466 1577 ergo
484 1463 589 1540 venit
601 1463 644 1538 ad
663 1484 782 1556 aquas.
831 1465 893 1542 De
910 1465 1060 1558 vespera
1071 1465 1143 1556 iam
1155 1458 1258 1558 supra
1273 1462 1438 1540 diximus.

375 1557 474 1640 Vide
510 1577 627 1638 autem
654 1564 879 1656 prudentiam
903 1566 1024 1662 pueri,
1056 1584 1134 1638 non
1159 1562 1241 1634 vuit
1265 1561 1436 1638 assumere

374 1659 537 1764 sponsam
557 1662 723 1738 Domino
743 1663 807 1743 suo
825 1661 942 1757 Isaac,
966 1664 1029 1738 nisi
1048 1684 1153 1758 quam
1171 1663 1357 1735 invenerit
1376 1663 1437 1734 de-

377 1783 503 1838 coram
519 1761 552 1834 dt
568 1762 750 1856 pulchram
768 1763 860 1838 facie
874 1766 1070 1862 virginem,
1096 1762 1220 1836 &aon
1236 1759 1348 1834 solum
1362 1761 1436 1832 vir·

377 1863 528 1958 ginem‚'
542 1860 602 1940 sed
618 1883 723 1958 quam
734 1884 811 1941 non
827 1866 1021 1960 contigerit
1037 1864 1116 1952 vir,
1142 1861 1245 1934 &nisi
1264 1883 1366 1950 quam
1380 1880 1436 1934 re·

403 1961 512 2034 ererit
524 1976 629 2051 aquas
640 1961 884 2056 haurientem,
909 1985 984 2038 non
998 1963 1079 2034 vult
1095 1963 1195 2036 aliam
1214 1961 1436 2054 despondere

373 1984 542 2144 guarino
562 2059 653 2150 suo,
685 2082 762 2152 non
784 2064 816 2136 ei
838 2063 900 2136 dat
924 2078 1158 2152 ornamenta,
1189 2061 1252 2134 nrsr
1276 2061 1355 2132 talis
1378 2060 1433 2137 nr.

374 2151 467 2258 ¹Non
488 2157 549 2246 dat
572 2160 739 2254 inaures,
774 2182 852 2235 non
871 2164 1095 2238 bracchialia.
1146 2159 1275 2234 Manet
1297 2161 1436 2236 incom-

375 2257 512 2432 Rosrtm
538 2257 737 2353 inerudita,
763 2261 960 2356 incompta.
1012 2261 1201 2350 Putamus,
1230 2264 1312 2352 quia
1332 2274 1435 2351 pater

411 2359 553 2434 ebecca·
565 2360 622 2430 vir
638 2359 740 2434 dives
753 2368 831 2442 nen
845 2364 999 2436 habebat
1009 2362 1262 2440 bracchialia&
1279 2365 1436 2451 inaures,

375 2475 462 2550 quau
471 2456 675 2552 imponeret
684 2454 764 2534 fiiiae
778 2457 870 2536 sua?
896 2459 1015 2534 Tanta
1032 2462 1108 2552 eius
1122 2462 1435 2555 negligentiaerat,

375 2571 439 2630 aut
456 2560 624 2652 avaritia,
648 2573 690 2634 ut
705 2557 785 2637 filiae
801 2575 1013 2648 ornamenta
1027 2580 1105 2634 non
1124 2559 1250 2636 daret?
1276 2559 1346 2635 Sed
1364 2558 1433 2632 Re·

374 2649 489 2730 becca
509 2676 585 2732 non
598 2661 680 2732 vult
693 2658 738 2733 de
758 2674 846 2735 auro
861 2659 1044 2736 Bathuelis
1062 2660 1194 2738 ornari.
1244 2659 1334 2733 Non
1353 2656 1435 2740 sunt

375 2755 409 2827 ei
432 2757 611 2855 condigna
629 2774 840 2834 ornamenta
866 2761 1023 2834 hominis
1049 2758 1241 2834 barbari&
1263 2757 1434 2852 imperiti.

372 2849 433 2928 De
452 2855 563 2931 domo
580 2856 735 2932 Abrahae
753 2860 903 2951 requirit
914 2860 1081 2950 monilia,
1107 2861 1188 2950 quia
1202 2859 1373 2956 patientia
1389 2858 1435 2932 de

371 2955 488 3040 „domo
507 2955 674 3051 sapientie
691 2974 851 3036 ornatur.
899 2958 990 3038 Non
1010 2973 1212 3052 potuerunt
1226 2977 1313 3053 ergo
1330 2978 1433 3030 aures

370 3051 553 3152 Rebeccae
573 3060 735 3152 recipere
761 3061 930 3134 decorem
949 3058 1068 3149 suum,
1095 3058 1157 3132 nifi
1180 3059 1325 3130 veniret
1343 3078 1439 3150 pucr,

373 3135 553 3248 Aurana,
579 3156 697 3256 &ipse
714 3181 773 3236 eas
793 3174 951 3235 ornaret.
1003 3158 1085 3232 Nec
1099 3180 1220 3232 manus
1235 3158 1311 3247 ejus
1329 3177 1435 3229 orna·

374 3268 497 3332 menta
510 3253 720 3353 suscipiunt,
747 3260 810 3334 nisi
825 3281 902 3352 quae
918 3258 1049 3333 miserit
1068 3254 1174 3332 Isaac.
1224 3259 1318 3330 Vult
1339 3257 1435 3330 enim

375 3371 483 3426 aurea
495 3355 534 3428 in
556 3360 698 3434 auribus
719 3357 893 3455 suscipere
915 3358 1053 3448 verba,
1079 3358 1112 3430 dt
1131 3378 1261 3432 aureos
1281 3355 1434 3433 attusia

373 3455 537 3528 manibus
548 3458 693 3538 habere.
745 3459 814 3534 Sed
826 3460 903 3534 haec
917 3459 1013 3552 priua
1029 3459 1192 3550 accipere
1204 3478 1280 3528 non
1296 3458 1433 3547 potuit,

372 3560 601 3649 metuerem,
619 3559 682 3634 nisi
696 3558 847 3632 venisset
859 3559 903 3632 ad
918 3572 1051 3652 puteos
1066 3557 1205 3630 haurire
1220 3576 1339 3648 aquas.
1373 3554 1435 3628 Tu

374 3656 526 3748 quinon
544 3659 600 3732 vis
615 3661 742 3732 venire
761 3659 805 3733 ad
824 3679 955 3750 aquas,
980 3658 1040 3749 qui
1058 3677 1135 3732 non
1153 3659 1210 3728 vis
1228 3656 1264 3728 in
1287 3656 1432 3726 auribus

373 3756 446 3829 tuis
468 3780 574 3832 aurea
596 3760 854 3853 prophetarum
879 3757 993 3832 verba
1014 3754 1209 3850 suscipere,
1243 3758 1432 3847 quomodo

373 3860 513 3954 poteris
532 3872 680 3932 ornatus
699 3856 769 3944 esse
786 3858 824 3933 in
845 3855 1028 3949 docmina,
1054 3870 1203 3931 ornatus
1220 3856 1257 3929 in
1277 3853 1433 3948 adiibus,

376 3972 524 4034 ornatur
543 3955 783 4036 rumoribus?

1266 4174 1297 4244 ς.
1315 4151 1385 4228 Sed
