<?xml version="1.0" encoding="UTF-8"?>
<!DOCTYPE html PUBLIC "-//W3C//DTD XHTML 1.0 Transitional//EN"
    "http://www.w3.org/TR/xhtml1/DTD/xhtml1-transitional.dtd">
<html xmlns="http://www.w3.org/1999/xhtml" xml:lang="en" lang="en">
 <head>
  <title>
</title>
<meta http-equiv="Content-Type" content="text/html;charset=utf-8" />
  <meta name='ocr-system' content='tesseract 3.04.00' />
  <meta name='ocr-capabilities' content='ocr_page ocr_carea ocr_par ocr_line ocrx_word'/>
</head>
<body>
  <div class='ocr_page' id='page_1' title='image "./operaomniasanct02unkngoog/operaomniasanct02unkngoog_0412.png"; bbox 0 0 3417 4692; ppageno 0'>
   <div class='ocr_carea' id='block_1_1' title="bbox 377 333 1110 444">
    <p class='ocr_par' dir='ltr' id='par_1_1' title="bbox 377 333 1110 444">
     <span class='ocr_line' id='line_1_1' title="bbox 377 333 1110 444; baseline -0.011 -20"><span class='ocrx_word' id='word_1_1' title='bbox 377 334 462 444; x_wconf 57' lang='lat' dir='ltr'>im·</span> <span class='ocrx_word' id='word_1_2' title='bbox 699 333 1110 418; x_wconf 78' lang='lat' dir='ltr'>ORIGENIS</span> 
     </span>
    </p>
   </div>
   <div class='ocr_carea' id='block_1_2' title="bbox 273 497 1445 3986">
    <p class='ocr_par' dir='ltr' id='par_1_2' title="bbox 273 497 1445 3986">
     <span class='ocr_line' id='line_1_2' title="bbox 372 497 1444 600; baseline 0.001 -19"><span class='ocrx_word' id='word_1_3' title='bbox 372 523 438 582; x_wconf 81' lang='lat' dir='ltr'>nec</span> <span class='ocrx_word' id='word_1_4' title='bbox 456 498 571 598; x_wconf 80' lang='lat' dir='ltr'>justos</span> <span class='ocrx_word' id='word_1_5' title='bbox 588 502 757 579; x_wconf 84' lang='lat' dir='ltr'>tentatio.</span> <span class='ocrx_word' id='word_1_6' title='bbox 782 501 1012 578; x_wconf 87' lang='lat' dir='ltr'>veniendum</span> <span class='ocrx_word' id='word_1_7' title='bbox 1030 501 1083 576; x_wconf 88' lang='lat' dir='ltr'>est</span> <span class='ocrx_word' id='word_1_8' title='bbox 1100 519 1190 600; x_wconf 80' lang='lat' dir='ltr'>ergo</span> <span class='ocrx_word' id='word_1_9' title='bbox 1208 497 1378 578; x_wconf 66' lang='lat' dir='ltr'>omnmo·</span> <span class='ocrx_word' id='word_1_10' title='bbox 1398 502 1444 582; x_wconf 82' lang='lat' dir='ltr'>ed</span> 
     </span>
     <span class='ocr_line' id='line_1_3' title="bbox 372 600 1445 702; baseline 0.002 -24"><span class='ocrx_word' id='word_1_11' title='bbox 372 605 510 702; x_wconf 80' lang='lat' dir='ltr'>ignem,</span> <span class='ocrx_word' id='word_1_12' title='bbox 535 602 754 678; x_wconf 90' lang='lat' dir='ltr'>veniendum</span> <span class='ocrx_word' id='word_1_13' title='bbox 770 600 880 680; x_wconf 91' lang='lat' dir='ltr'>estad</span> <span class='ocrx_word' id='word_1_14' title='bbox 897 601 1165 684; x_wconf 82' lang='lat' dir='ltr'>conflatorium.</span> <span class='ocrx_word' id='word_1_15' title='bbox 1216 600 1328 676; x_wconf 89' lang='lat' dir='ltr'>Sedet</span> <span class='ocrx_word' id='word_1_16' title='bbox 1345 603 1445 680; x_wconf 91' lang='lat' dir='ltr'>enim</span> 
     </span>
     <span class='ocr_line' id='line_1_4' title="bbox 372 698 1444 799; baseline -0.003 -20"><span class='ocrx_word' id='word_1_17' title='bbox 372 703 577 796; x_wconf 87' lang='lat' dir='ltr'><strong>Dominus,</strong></span> <span class='ocrx_word' id='word_1_18' title='bbox 604 701 817 794; x_wconf 87' lang='lat' dir='ltr'>&amp;conflat‚</span> <span class='ocrx_word' id='word_1_19' title='bbox 842 702 878 776; x_wconf 75' lang='grc' dir='ltr'>δι</span> <span class='ocrx_word' id='word_1_20' title='bbox 900 717 1028 799; x_wconf 78' lang='lat' dir='ltr'>purgat</span> <span class='ocrx_word' id='word_1_21' title='bbox 1047 698 1142 778; x_wconf 82' lang='lat' dir='ltr'>filios</span> <span class='ocrx_word' id='word_1_22' title='bbox 1161 700 1264 798; x_wconf 85' lang='lat' dir='ltr'>Juda.</span> <span class='ocrx_word' id='word_1_23' title='bbox 1313 699 1444 776; x_wconf 81' lang='lat' dir='ltr'>Sed&amp;</span> 
     </span>
     <span class='ocr_line' id='line_1_5' title="bbox 372 801 1444 897; baseline -0.002 -19"><span class='ocrx_word' id='word_1_24' title='bbox 372 802 462 878; x_wconf 89' lang='lat' dir='ltr'>illuc</span> <span class='ocrx_word' id='word_1_25' title='bbox 478 821 560 876; x_wconf 92' lang='lat' dir='ltr'>cum</span> <span class='ocrx_word' id='word_1_26' title='bbox 574 801 743 897; x_wconf 86' lang='lat' dir='ltr'>venitur,</span> <span class='ocrx_word' id='word_1_27' title='bbox 768 802 793 878; x_wconf 83' lang='lat' dir='ltr'>fi</span> <span class='ocrx_word' id='word_1_28' title='bbox 808 802 886 895; x_wconf 84' lang='lat' dir='ltr'>quis</span> <span class='ocrx_word' id='word_1_29' title='bbox 907 803 1020 878; x_wconf 87' lang='lat' dir='ltr'>multa</span> <span class='ocrx_word' id='word_1_30' title='bbox 1036 821 1149 896; x_wconf 86' lang='lat' dir='ltr'>opera</span> <span class='ocrx_word' id='word_1_31' title='bbox 1167 804 1290 896; x_wconf 90' lang='lat' dir='ltr'>bona,</span> <span class='ocrx_word' id='word_1_32' title='bbox 1326 802 1361 876; x_wconf 72' lang='grc' dir='ltr'><strong>ὰ</strong></span> <span class='ocrx_word' id='word_1_33' title='bbox 1379 821 1444 896; x_wconf 87' lang='lat' dir='ltr'>pa·</span> 
     </span>
     <span class='ocr_line' id='line_1_6' title="bbox 375 899 1443 995; baseline 0 -19"><span class='ocrx_word' id='word_1_34' title='bbox 375 921 455 976; x_wconf 86' lang='lat' dir='ltr'>rum</span> <span class='ocrx_word' id='word_1_35' title='bbox 469 899 601 993; x_wconf 74' lang='lat' dir='ltr'>aliquid</span> <span class='ocrx_word' id='word_1_36' title='bbox 614 902 809 995; x_wconf 83' lang='lat' dir='ltr'>iniquitatis</span> <span class='ocrx_word' id='word_1_37' title='bbox 825 901 1008 993; x_wconf 83' lang='lat' dir='ltr'>attulerit,</span> <span class='ocrx_word' id='word_1_38' title='bbox 1033 899 1120 976; x_wconf 83' lang='lat' dir='ltr'>illud</span> <span class='ocrx_word' id='word_1_39' title='bbox 1134 920 1260 995; x_wconf 87' lang='lat' dir='ltr'>parum</span> <span class='ocrx_word' id='word_1_40' title='bbox 1269 913 1443 993; x_wconf 87' lang='lat' dir='ltr'>tanquam</span> 
     </span>
     <span class='ocr_line' id='line_1_7' title="bbox 375 998 1442 1098; baseline 0 -24"><span class='ocrx_word' id='word_1_41' title='bbox 375 1000 561 1097; x_wconf 81' lang='lat' dir='ltr'><strong>plumbum</strong></span> <span class='ocrx_word' id='word_1_42' title='bbox 573 1001 647 1098; x_wconf 80' lang='lat' dir='ltr'>igni</span> <span class='ocrx_word' id='word_1_43' title='bbox 661 998 857 1078; x_wconf 89' lang='lat' dir='ltr'>resolvitur</span> <span class='ocrx_word' id='word_1_44' title='bbox 869 1021 912 1076; x_wconf 87' lang='lat' dir='ltr'>ac</span> <span class='ocrx_word' id='word_1_45' title='bbox 925 1019 1117 1098; x_wconf 80' lang='lat' dir='ltr'>purgatur,</span> <span class='ocrx_word' id='word_1_46' title='bbox 1143 999 1313 1096; x_wconf 83' lang='lat' dir='ltr'>&amp;totum</span> <span class='ocrx_word' id='word_1_47' title='bbox 1326 1019 1442 1076; x_wconf 84' lang='lat' dir='ltr'>rema·</span> 
     </span>
     <span class='ocr_line' id='line_1_8' title="bbox 373 1095 1442 1196; baseline -0.002 -18"><span class='ocrx_word' id='word_1_48' title='bbox 373 1113 441 1178; x_wconf 89' lang='lat' dir='ltr'>net</span> <span class='ocrx_word' id='word_1_49' title='bbox 457 1119 581 1176; x_wconf 87' lang='lat' dir='ltr'>aurum</span> <span class='ocrx_word' id='word_1_50' title='bbox 601 1120 742 1196; x_wconf 88' lang='lat' dir='ltr'>purum.</span> <span class='ocrx_word' id='word_1_51' title='bbox 791 1095 841 1176; x_wconf 87' lang='lat' dir='ltr'>Et</span> <span class='ocrx_word' id='word_1_52' title='bbox 862 1099 889 1176; x_wconf 89' lang='lat' dir='ltr'>ii</span> <span class='ocrx_word' id='word_1_53' title='bbox 912 1099 1089 1196; x_wconf 78' lang='lat' dir='ltr'>quispim</span> <span class='ocrx_word' id='word_1_54' title='bbox 1110 1101 1196 1174; x_wconf 91' lang='lat' dir='ltr'>illuc</span> <span class='ocrx_word' id='word_1_55' title='bbox 1219 1101 1355 1194; x_wconf 83' lang='lat' dir='ltr'><strong>plumbi</strong></span> <span class='ocrx_word' id='word_1_56' title='bbox 1379 1099 1442 1176; x_wconf 83' lang='lat' dir='ltr'>de·</span> 
     </span>
     <span class='ocr_line' id='line_1_9' title="bbox 373 1197 1443 1294; baseline -0.002 -18"><span class='ocrx_word' id='word_1_57' title='bbox 373 1197 528 1294; x_wconf 78' lang='lat' dir='ltr'>tuerit,</span> <span class='ocrx_word' id='word_1_58' title='bbox 560 1199 640 1294; x_wconf 79' lang='lat' dir='ltr'>plus</span> <span class='ocrx_word' id='word_1_59' title='bbox 666 1199 858 1291; x_wconf 86' lang='lat' dir='ltr'>exuritur,</span> <span class='ocrx_word' id='word_1_60' title='bbox 891 1212 935 1272; x_wconf 90' lang='lat' dir='ltr'>ut</span> <span class='ocrx_word' id='word_1_61' title='bbox 953 1199 1102 1292; x_wconf 86' lang='lat' dir='ltr'>amplios</span> <span class='ocrx_word' id='word_1_62' title='bbox 1122 1200 1372 1293; x_wconf 77' lang='lat' dir='ltr'>decoquatur,</span> <span class='ocrx_word' id='word_1_63' title='bbox 1398 1215 1443 1274; x_wconf 88' lang='lat' dir='ltr'>ut</span> 
     </span>
     <span class='ocr_line' id='line_1_10' title="bbox 374 1297 1441 1397; baseline -0.002 -21"><span class='ocrx_word' id='word_1_64' title='bbox 374 1299 438 1376; x_wconf 79' lang='lat' dir='ltr'>etii</span> <span class='ocrx_word' id='word_1_65' title='bbox 455 1317 580 1393; x_wconf 84' lang='lat' dir='ltr'>parum</span> <span class='ocrx_word' id='word_1_66' title='bbox 596 1298 729 1392; x_wconf 80' lang='lat' dir='ltr'>aliquid</span> <span class='ocrx_word' id='word_1_67' title='bbox 746 1297 789 1374; x_wconf 90' lang='lat' dir='ltr'>iit</span> <span class='ocrx_word' id='word_1_68' title='bbox 801 1297 899 1395; x_wconf 88' lang='lat' dir='ltr'>auri,</span> <span class='ocrx_word' id='word_1_69' title='bbox 930 1313 1118 1397; x_wconf 82' lang='lat' dir='ltr'>purgatum</span> <span class='ocrx_word' id='word_1_70' title='bbox 1134 1312 1253 1374; x_wconf 88' lang='lat' dir='ltr'>tamen</span> <span class='ocrx_word' id='word_1_71' title='bbox 1274 1297 1441 1392; x_wconf 79' lang='lat' dir='ltr'>reficient.</span> 
     </span>
     <span class='ocr_line' id='line_1_11' title="bbox 372 1395 1441 1574; baseline 0 -100"><span class='ocrx_word' id='word_1_72' title='bbox 372 1397 488 1574; x_wconf 54' lang='lat' dir='ltr'>guod</span> <span class='ocrx_word' id='word_1_73' title='bbox 506 1399 531 1474; x_wconf 88' lang='lat' dir='ltr'>ii</span> <span class='ocrx_word' id='word_1_74' title='bbox 549 1397 673 1490; x_wconf 78' lang='lat' dir='ltr'>aliquia</span> <span class='ocrx_word' id='word_1_75' title='bbox 691 1399 778 1474; x_wconf 83' lang='lat' dir='ltr'>ssiuc</span> <span class='ocrx_word' id='word_1_76' title='bbox 793 1411 896 1474; x_wconf 83' lang='lat' dir='ltr'>totua</span> <span class='ocrx_word' id='word_1_77' title='bbox 910 1399 1100 1494; x_wconf 78' lang='lat' dir='ltr'>plumbeus</span> <span class='ocrx_word' id='word_1_78' title='bbox 1117 1400 1279 1492; x_wconf 82' lang='lat' dir='ltr'>venerit,</span> <span class='ocrx_word' id='word_1_79' title='bbox 1304 1395 1373 1474; x_wconf 82' lang='lat' dir='ltr'>fiet</span> <span class='ocrx_word' id='word_1_80' title='bbox 1392 1398 1441 1474; x_wconf 81' lang='lat' dir='ltr'>dc</span> 
     </span>
     <span class='ocr_line' id='line_1_12' title="bbox 358 1494 1440 1595; baseline -0.004 -17"><span class='ocrx_word' id='word_1_81' title='bbox 358 1569 361 1578; x_wconf 93' lang='lat'><em>.</em></span> <span class='ocrx_word' id='word_1_82' title='bbox 412 1518 438 1570; x_wconf 93' lang='lat' dir='ltr'>o</span> <span class='ocrx_word' id='word_1_83' title='bbox 460 1497 535 1574; x_wconf 89' lang='lat' dir='ltr'>hoc</span> <span class='ocrx_word' id='word_1_84' title='bbox 557 1496 657 1591; x_wconf 89' lang='lat' dir='ltr'>quod</span> <span class='ocrx_word' id='word_1_85' title='bbox 677 1494 848 1592; x_wconf 85' lang='lat' dir='ltr'>scriptum</span> <span class='ocrx_word' id='word_1_86' title='bbox 872 1495 1208 1595; x_wconf 83' lang='lat' dir='ltr'>est,.demergetur</span> <span class='ocrx_word' id='word_1_87' title='bbox 1227 1496 1265 1572; x_wconf 88' lang='lat' dir='ltr'>in</span> <span class='ocrx_word' id='word_1_88' title='bbox 1284 1496 1440 1593; x_wconf 86' lang='lat' dir='ltr'>profon-</span> 
     </span>
     <span class='ocr_line' id='line_1_13' title="bbox 360 1595 1441 1692; baseline -0.004 -16"><span class='ocrx_word' id='word_1_89' title='bbox 360 1597 478 1690; x_wconf 86' lang='lat' dir='ltr'>¹dum,</span> <span class='ocrx_word' id='word_1_90' title='bbox 505 1607 674 1691; x_wconf 85' lang='lat' dir='ltr'>tanquam</span> <span class='ocrx_word' id='word_1_91' title='bbox 687 1598 874 1692; x_wconf 86' lang='lat' dir='ltr'>plumbum</span> <span class='ocrx_word' id='word_1_92' title='bbox 884 1597 924 1672; x_wconf 91' lang='lat' dir='ltr'>in</span> <span class='ocrx_word' id='word_1_93' title='bbox 940 1618 1066 1690; x_wconf 85' lang='lat' dir='ltr'>aquam</span> <span class='ocrx_word' id='word_1_94' title='bbox 1080 1595 1329 1674; x_wconf 85' lang='lat' dir='ltr'>validiffimam.</span> <span class='ocrx_word' id='word_1_95' title='bbox 1363 1595 1441 1672; x_wconf 81' lang='lat' dir='ltr'>Sed</span> 
     </span>
     <span class='ocr_line' id='line_1_14' title="bbox 360 1693 1440 1795; baseline 0 -23"><span class='ocrx_word' id='word_1_96' title='bbox 360 1696 522 1795; x_wconf 83' lang='lat' dir='ltr'>iongum</span> <span class='ocrx_word' id='word_1_97' title='bbox 540 1693 592 1772; x_wconf 87' lang='lat' dir='ltr'>est</span> <span class='ocrx_word' id='word_1_98' title='bbox 611 1696 637 1772; x_wconf 86' lang='lat' dir='ltr'>fi</span> <span class='ocrx_word' id='word_1_99' title='bbox 659 1716 724 1791; x_wconf 85' lang='lat' dir='ltr'>per</span> <span class='ocrx_word' id='word_1_100' title='bbox 746 1697 910 1774; x_wconf 84' lang='lat' dir='ltr'>ordinem</span> <span class='ocrx_word' id='word_1_101' title='bbox 930 1696 1084 1774; x_wconf 86' lang='lat' dir='ltr'>velimus</span> <span class='ocrx_word' id='word_1_102' title='bbox 1103 1714 1312 1791; x_wconf 77' lang='lat' dir='ltr'>exponere,</span> <span class='ocrx_word' id='word_1_103' title='bbox 1345 1693 1440 1772; x_wconf 86' lang='lat' dir='ltr'>soffi-</span> 
     </span>
     <span class='ocr_line' id='line_1_15' title="bbox 360 1795 840 1894; baseline -0.006 -20"><span class='ocrx_word' id='word_1_104' title='bbox 360 1799 444 1874; x_wconf 86' lang='lat' dir='ltr'>-ciat</span> <span class='ocrx_word' id='word_1_105' title='bbox 460 1815 575 1892; x_wconf 82' lang='lat' dir='ltr'>pauca</span> <span class='ocrx_word' id='word_1_106' title='bbox 591 1795 840 1894; x_wconf 83' lang='lat' dir='ltr'>perstringere.</span> 
     </span>
     <span class='ocr_line' id='line_1_16' title="bbox 437 1890 1437 1995; baseline 0.005 -33"><span class='ocrx_word' id='word_1_107' title='bbox 437 1916 480 1987; x_wconf 75' lang='lat'>5,</span> <span class='ocrx_word' id='word_1_108' title='bbox 506 1900 614 1992; x_wconf 74' lang='lat' dir='ltr'>Quis,</span> <span class='ocrx_word' id='word_1_109' title='bbox 638 1896 777 1991; x_wconf 80' lang='lat' dir='ltr'>inquit,</span> <span class='ocrx_word' id='word_1_110' title='bbox 793 1897 911 1995; x_wconf 72' lang='lat' dir='ltr'>fictilis</span> <span class='ocrx_word' id='word_1_111' title='bbox 931 1898 996 1970; x_wconf 77' lang='lat' dir='ltr'>ribi</span> <span class='ocrx_word' id='word_1_112' title='bbox 1014 1901 1053 1969; x_wconf 78' lang='lat' dir='ltr'>in</span> <span class='ocrx_word' id='word_1_113' title='bbox 1073 1898 1137 1970; x_wconf 78' lang='lat' dir='ltr'>diis</span> <span class='ocrx_word' id='word_1_114' title='bbox 1159 1890 1324 1970; x_wconf 60' lang='lat' dir='ltr'>Domine?</span> <span class='ocrx_word' id='word_1_115' title='bbox 1345 1897 1437 1994; x_wconf 71' lang='lat' dir='ltr'>Quia</span> 
     </span>
     <span class='ocr_line' id='line_1_17' title="bbox 273 1991 1437 2095; baseline 0.002 -25"><span class='ocrx_word' id='word_1_116' title='bbox 273 2063 278 2084; x_wconf 74' lang='grc'><strong>,</strong></span> <span class='ocrx_word' id='word_1_117' title='bbox 365 1998 480 2095; x_wconf 70' lang='lat' dir='ltr'>fictilis</span> <span class='ocrx_word' id='word_1_118' title='bbox 496 1991 587 2070; x_wconf 73' lang='lat' dir='ltr'>ciiii</span> <span class='ocrx_word' id='word_1_119' title='bbox 618 1996 780 2086; x_wconf 73' lang='lat' dir='ltr'>Gloriosus</span> <span class='ocrx_word' id='word_1_120' title='bbox 800 2002 840 2068; x_wconf 81' lang='lat' dir='ltr'>in</span> <span class='ocrx_word' id='word_1_121' title='bbox 858 1996 1006 2089; x_wconf 60' lang='lat' dir='ltr'>sentiit,</span> <span class='ocrx_word' id='word_1_122' title='bbox 1030 1997 1187 2070; x_wconf 72' lang='lat' dir='ltr'>mirabilis</span> <span class='ocrx_word' id='word_1_123' title='bbox 1207 2000 1244 2068; x_wconf 83' lang='lat' dir='ltr'>in</span> <span class='ocrx_word' id='word_1_124' title='bbox 1263 1999 1437 2095; x_wconf 51' lang='lat' dir='ltr'>majestati</span> 
     </span>
     <span class='ocr_line' id='line_1_18' title="bbox 368 2094 1436 2210; baseline -0.003 -38"><span class='ocrx_word' id='word_1_125' title='bbox 368 2099 443 2184; x_wconf 80' lang='lat' dir='ltr'>ius,</span> <span class='ocrx_word' id='word_1_126' title='bbox 461 2094 589 2191; x_wconf 74' lang='lat' dir='ltr'>socians</span> <span class='ocrx_word' id='word_1_127' title='bbox 597 2096 750 2193; x_wconf 75' lang='lat' dir='ltr'>prodigia.</span> <span class='ocrx_word' id='word_1_128' title='bbox 777 2098 868 2210; x_wconf 72' lang='lat' dir='ltr'>Quo</span> <span class='ocrx_word' id='word_1_129' title='bbox 881 2096 987 2172; x_wconf 89' lang='lat' dir='ltr'>dicit:</span> <span class='ocrx_word' id='word_1_130' title='bbox 1013 2096 1436 2193; x_wconf 66' lang='lat' dir='ltr'>Quisfimilr&#39;striit&#39;ndiis,</span> 
     </span>
     <span class='ocr_line' id='line_1_19' title="bbox 369 2195 1436 2291; baseline -0.001 -18"><span class='ocrx_word' id='word_1_131' title='bbox 369 2217 447 2274; x_wconf 92' lang='lat' dir='ltr'>non</span> <span class='ocrx_word' id='word_1_132' title='bbox 468 2195 685 2270; x_wconf 65' lang='lat' dir='ltr'>simulachris</span> <span class='ocrx_word' id='word_1_133' title='bbox 706 2208 868 2291; x_wconf 83' lang='lat' dir='ltr'>genuum</span> <span class='ocrx_word' id='word_1_134' title='bbox 891 2211 1078 2290; x_wconf 86' lang='lat' dir='ltr'>comparat</span> <span class='ocrx_word' id='word_1_135' title='bbox 1104 2198 1246 2288; x_wconf 83' lang='lat' dir='ltr'>Deum,</span> <span class='ocrx_word' id='word_1_136' title='bbox 1271 2217 1343 2270; x_wconf 90' lang='lat' dir='ltr'>nec</span> <span class='ocrx_word' id='word_1_137' title='bbox 1364 2197 1436 2272; x_wconf 80' lang='lat' dir='ltr'>dae·</span> 
     </span>
     <span class='ocr_line' id='line_1_20' title="bbox 368 2291 1434 2394; baseline -0.002 -20"><span class='ocrx_word' id='word_1_138' title='bbox 368 2293 565 2385; x_wconf 77' lang='lat' dir='ltr'>monibus,</span> <span class='ocrx_word' id='word_1_139' title='bbox 580 2359 582 2364; x_wconf 93' lang='lat'><em>.</em></span> <span class='ocrx_word' id='word_1_140' title='bbox 600 2294 661 2387; x_wconf 92' lang='lat' dir='ltr'>qui</span> <span class='ocrx_word' id='word_1_141' title='bbox 687 2291 752 2370; x_wconf 85' lang='lat' dir='ltr'>fibi</span> <span class='ocrx_word' id='word_1_142' title='bbox 772 2291 860 2369; x_wconf 86' lang='lat' dir='ltr'>falso</span> <span class='ocrx_word' id='word_1_143' title='bbox 884 2294 1036 2371; x_wconf 87' lang='lat' dir='ltr'>deorum</span> <span class='ocrx_word' id='word_1_144' title='bbox 1054 2316 1189 2370; x_wconf 89' lang='lat' dir='ltr'>nomen</span> <span class='ocrx_word' id='word_1_145' title='bbox 1214 2293 1434 2394; x_wconf 83' lang='lat' dir='ltr'>adsciscunt,</span> 
     </span>
     <span class='ocr_line' id='line_1_21' title="bbox 367 2392 1434 2491; baseline 0 -20"><span class='ocrx_word' id='word_1_146' title='bbox 367 2395 428 2472; x_wconf 89' lang='lat' dir='ltr'>sed</span> <span class='ocrx_word' id='word_1_147' title='bbox 448 2393 537 2468; x_wconf 83' lang='lat' dir='ltr'>deos</span> <span class='ocrx_word' id='word_1_148' title='bbox 551 2393 635 2468; x_wconf 81' lang='lat' dir='ltr'>illoc</span> <span class='ocrx_word' id='word_1_149' title='bbox 651 2392 759 2488; x_wconf 86' lang='lat' dir='ltr'>dicit,</span> <span class='ocrx_word' id='word_1_150' title='bbox 786 2395 925 2490; x_wconf 87' lang='lat' dir='ltr'>quiper</span> <span class='ocrx_word' id='word_1_151' title='bbox 963 2398 1108 2487; x_wconf 77' lang='lat' dir='ltr'>ratium,</span> <span class='ocrx_word' id='word_1_152' title='bbox 1135 2394 1434 2491; x_wconf 85' lang='lat' dir='ltr'>&amp;participatio-</span> 
     </span>
     <span class='ocr_line' id='line_1_22' title="bbox 368 2492 1434 2595; baseline -0.002 -23"><span class='ocrx_word' id='word_1_153' title='bbox 368 2515 453 2572; x_wconf 87' lang='lat' dir='ltr'>nem</span> <span class='ocrx_word' id='word_1_154' title='bbox 474 2494 568 2587; x_wconf 80' lang='lat' dir='ltr'>Dei,</span> <span class='ocrx_word' id='word_1_155' title='bbox 595 2494 644 2570; x_wconf 93' lang='lat' dir='ltr'>dii</span> <span class='ocrx_word' id='word_1_156' title='bbox 662 2495 899 2589; x_wconf 86' lang='lat' dir='ltr'>appellantur.</span> <span class='ocrx_word' id='word_1_157' title='bbox 986 2517 1008 2569; x_wconf 93' lang='lat' dir='ltr'>e</span> <span class='ocrx_word' id='word_1_158' title='bbox 1029 2497 1155 2586; x_wconf 87' lang='lat' dir='ltr'>quibus</span> <span class='ocrx_word' id='word_1_159' title='bbox 1174 2496 1209 2568; x_wconf 74' lang='grc' dir='ltr'>δι</span> <span class='ocrx_word' id='word_1_160' title='bbox 1229 2495 1312 2572; x_wconf 87' lang='lat' dir='ltr'>alibi</span> <span class='ocrx_word' id='word_1_161' title='bbox 1325 2492 1434 2595; x_wconf 87' lang='lat' dir='ltr'>scrip-</span> 
     </span>
     <span class='ocr_line' id='line_1_23' title="bbox 370 2590 1433 2694; baseline 0.002 -24"><span class='ocrx_word' id='word_1_162' title='bbox 370 2608 452 2672; x_wconf 85' lang='lat' dir='ltr'>tura</span> <span class='ocrx_word' id='word_1_163' title='bbox 478 2593 584 2669; x_wconf 62' lang='lat' dir='ltr'>dicit}</span> <span class='ocrx_word' id='word_1_164' title='bbox 613 2596 680 2689; x_wconf 75' lang='lat' dir='ltr'>Ego</span> <span class='ocrx_word' id='word_1_165' title='bbox 695 2596 765 2666; x_wconf 72' lang='lat' dir='ltr'>uixi</span> <span class='ocrx_word' id='word_1_166' title='bbox 783 2595 831 2668; x_wconf 78' lang='lat' dir='ltr'>dii</span> <span class='ocrx_word' id='word_1_167' title='bbox 854 2596 934 2694; x_wconf 77' lang='lat' dir='ltr'>estis.</span> <span class='ocrx_word' id='word_1_168' title='bbox 984 2590 1034 2667; x_wconf 85' lang='lat' dir='ltr'>Et</span> <span class='ocrx_word' id='word_1_169' title='bbox 1053 2596 1200 2669; x_wconf 84' lang='lat' dir='ltr'>iterum:</span> <span class='ocrx_word' id='word_1_170' title='bbox 1235 2601 1324 2668; x_wconf 82' lang='lat' dir='ltr'>Deus</span> <span class='ocrx_word' id='word_1_171' title='bbox 1337 2597 1433 2694; x_wconf 71' lang='lat' dir='ltr'>fierit</span> 
     </span>
     <span class='ocr_line' id='line_1_24' title="bbox 367 2694 1433 2892; baseline -0.001 -22"><span class='ocrx_word' id='word_1_172' title='bbox 367 2695 931 2870; x_wconf 42' lang='lat' dir='ltr'>iniurium</span> <span class='ocrx_word' id='word_1_173' title='bbox 947 2694 1433 2892; x_wconf 46' lang='lat' dir='ltr'>iiiimxiiii?</span> 
     </span>
     <span class='ocr_line' id='line_1_25' title="bbox 1413 2850 1430 2891; baseline 0 0"><span class='ocrx_word' id='word_1_174' title='bbox 1413 2850 1430 2891; x_wconf 68' lang='lat'><em>0</em></span> 
     </span>
     <span class='ocr_line' id='line_1_26' title="bbox 360 2892 1430 2989; baseline -0.002 -17"><span class='ocrx_word' id='word_1_175' title='bbox 360 2894 486 2972; x_wconf 80' lang='lat' dir='ltr'>nullm</span> <span class='ocrx_word' id='word_1_176' title='bbox 505 2904 626 2970; x_wconf 84' lang='lat' dir='ltr'>tamen</span> <span class='ocrx_word' id='word_1_177' title='bbox 639 2892 725 2968; x_wconf 92' lang='lat' dir='ltr'>Deo</span> <span class='ocrx_word' id='word_1_178' title='bbox 739 2894 855 2969; x_wconf 72' lang='lat' dir='ltr'>similis</span> <span class='ocrx_word' id='word_1_179' title='bbox 873 2894 1082 2989; x_wconf 84' lang='lat' dir='ltr'>invenitur,</span> <span class='ocrx_word' id='word_1_180' title='bbox 1111 2896 1171 2966; x_wconf 92' lang='lat' dir='ltr'>vel</span> <span class='ocrx_word' id='word_1_181' title='bbox 1190 2893 1430 2989; x_wconf 76' lang='lat' dir='ltr'>inpotentia,</span> 
     </span>
     <span class='ocr_line' id='line_1_27' title="bbox 369 2992 1429 3090; baseline 0.005 -24"><span class='ocrx_word' id='word_1_182' title='bbox 369 2995 432 3070; x_wconf 88' lang='lat' dir='ltr'>vel</span> <span class='ocrx_word' id='word_1_183' title='bbox 451 2993 490 3068; x_wconf 89' lang='lat' dir='ltr'>in</span> <span class='ocrx_word' id='word_1_184' title='bbox 516 3008 655 3071; x_wconf 85' lang='lat' dir='ltr'>natura.</span> <span class='ocrx_word' id='word_1_185' title='bbox 705 2992 756 3067; x_wconf 86' lang='lat' dir='ltr'>Et</span> <span class='ocrx_word' id='word_1_186' title='bbox 776 2997 865 3069; x_wconf 85' lang='lat' dir='ltr'>licet</span> <span class='ocrx_word' id='word_1_187' title='bbox 885 2995 1044 3090; x_wconf 90' lang='lat' dir='ltr'>Joannes</span> <span class='ocrx_word' id='word_1_188' title='bbox 1075 2992 1274 3086; x_wconf 70' lang='lat' dir='ltr'>Apostolus</span> <span class='ocrx_word' id='word_1_189' title='bbox 1302 2994 1429 3071; x_wconf 84' lang='lat' dir='ltr'>dicat:</span> 
     </span>
     <span class='ocr_line' id='line_1_28' title="bbox 359 3093 1428 3189; baseline 0.001 -21"><span class='ocrx_word' id='word_1_190' title='bbox 359 3096 501 3176; x_wconf 65' lang='lat' dir='ltr'>filioli,</span> <span class='ocrx_word' id='word_1_191' title='bbox 527 3097 666 3168; x_wconf 75' lang='lat' dir='ltr'>mudum</span> <span class='ocrx_word' id='word_1_192' title='bbox 676 3094 810 3185; x_wconf 77' lang='lat' dir='ltr'>scimus,</span> <span class='ocrx_word' id='word_1_193' title='bbox 827 3100 905 3189; x_wconf 78' lang='lat' dir='ltr'>quid</span> <span class='ocrx_word' id='word_1_194' title='bbox 911 3095 1027 3187; x_wconf 68' lang='lat' dir='ltr'>futuri</span> <span class='ocrx_word' id='word_1_195' title='bbox 1035 3094 1161 3183; x_wconf 71' lang='lat' dir='ltr'>scamas,</span> <span class='ocrx_word' id='word_1_196' title='bbox 1184 3093 1328 3187; x_wconf 66' lang='lat' dir='ltr'>florerem</span> <span class='ocrx_word' id='word_1_197' title='bbox 1341 3119 1428 3168; x_wconf 76' lang='lat' dir='ltr'>reue·</span> 
     </span>
     <span class='ocr_line' id='line_1_29' title="bbox 365 3190 1430 3292; baseline 0 -24"><span class='ocrx_word' id='word_1_198' title='bbox 365 3196 471 3268; x_wconf 79' lang='lat' dir='ltr'>iarum</span> <span class='ocrx_word' id='word_1_199' title='bbox 486 3194 574 3266; x_wconf 75' lang='lat' dir='ltr'>neiis</span> <span class='ocrx_word' id='word_1_200' title='bbox 581 3193 711 3289; x_wconf 76' lang='lat' dir='ltr'>fuerit,</span> <span class='ocrx_word' id='word_1_201' title='bbox 736 3190 803 3289; x_wconf 90' lang='lat' dir='ltr'>(de</span> <span class='ocrx_word' id='word_1_202' title='bbox 817 3194 980 3268; x_wconf 89' lang='lat' dir='ltr'>Domino</span> <span class='ocrx_word' id='word_1_203' title='bbox 996 3191 1131 3267; x_wconf 86' lang='lat' dir='ltr'>scilicet</span> <span class='ocrx_word' id='word_1_204' title='bbox 1148 3192 1293 3292; x_wconf 77' lang='lat' dir='ltr'>dicens)</span> <span class='ocrx_word' id='word_1_205' title='bbox 1310 3196 1430 3287; x_wconf 18' lang='lat' dir='ltr'>*fimiies</span> 
     </span>
     <span class='ocr_line' id='line_1_30' title="bbox 367 3293 1427 3387; baseline 0.006 -21"><span class='ocrx_word' id='word_1_206' title='bbox 367 3296 417 3366; x_wconf 78' lang='lat' dir='ltr'>illi</span> <span class='ocrx_word' id='word_1_207' title='bbox 443 3298 582 3379; x_wconf 80' lang='lat' dir='ltr'>erimus,</span> <span class='ocrx_word' id='word_1_208' title='bbox 607 3293 798 3370; x_wconf 75' lang='lat' dir='ltr'>similitudo</span> <span class='ocrx_word' id='word_1_209' title='bbox 823 3307 942 3369; x_wconf 87' lang='lat' dir='ltr'>tamen</span> <span class='ocrx_word' id='word_1_210' title='bbox 969 3295 1046 3368; x_wconf 84' lang='lat' dir='ltr'>haec</span> <span class='ocrx_word' id='word_1_211' title='bbox 1072 3314 1148 3365; x_wconf 91' lang='lat' dir='ltr'>non</span> <span class='ocrx_word' id='word_1_212' title='bbox 1175 3294 1218 3367; x_wconf 89' lang='lat' dir='ltr'>ad</span> <span class='ocrx_word' id='word_1_213' title='bbox 1240 3310 1427 3387; x_wconf 86' lang='lat' dir='ltr'>naturam,</span> 
     </span>
     <span class='ocr_line' id='line_1_31' title="bbox 366 3391 1428 3489; baseline 0.001 -20"><span class='ocrx_word' id='word_1_214' title='bbox 366 3392 427 3469; x_wconf 84' lang='lat' dir='ltr'>sed</span> <span class='ocrx_word' id='word_1_215' title='bbox 449 3391 493 3466; x_wconf 86' lang='lat' dir='ltr'>ad</span> <span class='ocrx_word' id='word_1_216' title='bbox 512 3392 658 3489; x_wconf 83' lang='lat' dir='ltr'>gratiam</span> <span class='ocrx_word' id='word_1_217' title='bbox 679 3408 888 3470; x_wconf 86' lang='lat' dir='ltr'>revocatur.</span> <span class='ocrx_word' id='word_1_218' title='bbox 939 3393 1055 3467; x_wconf 89' lang='lat' dir='ltr'>Verbi</span> <span class='ocrx_word' id='word_1_219' title='bbox 1072 3391 1198 3484; x_wconf 85' lang='lat' dir='ltr'>causa,</span> <span class='ocrx_word' id='word_1_220' title='bbox 1232 3407 1274 3465; x_wconf 88' lang='lat' dir='ltr'>ut</span> <span class='ocrx_word' id='word_1_221' title='bbox 1290 3394 1315 3468; x_wconf 87' lang='lat' dir='ltr'>ii</span> <span class='ocrx_word' id='word_1_222' title='bbox 1334 3394 1428 3470; x_wconf 52' lang='lat' dir='ltr'>dica*</span> 
     </span>
     <span class='ocr_line' id='line_1_32' title="bbox 364 3490 1429 3589; baseline -0.003 -15"><span class='ocrx_word' id='word_1_223' title='bbox 364 3513 445 3574; x_wconf 80' lang='lat' dir='ltr'>uuus</span> <span class='ocrx_word' id='word_1_224' title='bbox 461 3491 632 3588; x_wconf 74' lang='lat' dir='ltr'>prumam</span> <span class='ocrx_word' id='word_1_225' title='bbox 647 3494 791 3569; x_wconf 83' lang='lat' dir='ltr'>ssmilem</span> <span class='ocrx_word' id='word_1_226' title='bbox 807 3491 949 3585; x_wconf 77' lang='lat' dir='ltr'>effeci,</span> <span class='ocrx_word' id='word_1_227' title='bbox 982 3490 1084 3585; x_wconf 86' lang='lat' dir='ltr'>cujus</span> <span class='ocrx_word' id='word_1_228' title='bbox 1099 3495 1214 3589; x_wconf 84' lang='lat' dir='ltr'>imago</span> <span class='ocrx_word' id='word_1_229' title='bbox 1232 3494 1270 3565; x_wconf 92' lang='lat' dir='ltr'>in</span> <span class='ocrx_word' id='word_1_230' title='bbox 1291 3493 1429 3588; x_wconf 72' lang='lat' dir='ltr'>pictura</span> 
     </span>
     <span class='ocr_line' id='line_1_33' title="bbox 365 3591 1428 3691; baseline 0.003 -25"><span class='ocrx_word' id='word_1_231' title='bbox 365 3591 513 3668; x_wconf 87' lang='lat' dir='ltr'>videtur</span> <span class='ocrx_word' id='word_1_232' title='bbox 527 3592 709 3688; x_wconf 74' lang='lat' dir='ltr'>expressa,</span> <span class='ocrx_word' id='word_1_233' title='bbox 735 3608 906 3686; x_wconf 89' lang='lat' dir='ltr'>quantum</span> <span class='ocrx_word' id='word_1_234' title='bbox 921 3592 964 3665; x_wconf 92' lang='lat' dir='ltr'>ad</span> <span class='ocrx_word' id='word_1_235' title='bbox 978 3593 1126 3690; x_wconf 82' lang='lat' dir='ltr'>gratiam</span> <span class='ocrx_word' id='word_1_236' title='bbox 1139 3591 1299 3685; x_wconf 88' lang='lat' dir='ltr'>pertinet</span> <span class='ocrx_word' id='word_1_237' title='bbox 1308 3592 1428 3691; x_wconf 84' lang='lat' dir='ltr'>visua,</span> 
     </span>
     <span class='ocr_line' id='line_1_34' title="bbox 332 3689 1427 3790; baseline 0.002 -21"><span class='ocrx_word' id='word_1_238' title='bbox 332 3702 334 3706; x_wconf 83' lang='lat'>&#39;</span> <span class='ocrx_word' id='word_1_239' title='bbox 359 3693 483 3770; x_wconf 75' lang='lat' dir='ltr'>similia</span> <span class='ocrx_word' id='word_1_240' title='bbox 502 3693 659 3787; x_wconf 85' lang='lat' dir='ltr'>dicitur,</span> <span class='ocrx_word' id='word_1_241' title='bbox 683 3710 854 3788; x_wconf 88' lang='lat' dir='ltr'>quantum</span> <span class='ocrx_word' id='word_1_242' title='bbox 867 3689 1176 3786; x_wconf 71' lang='lat' dir='ltr'>adiubstantiam‚</span> <span class='ocrx_word' id='word_1_243' title='bbox 1209 3694 1321 3790; x_wconf 83' lang='lat' dir='ltr'>longe</span> <span class='ocrx_word' id='word_1_244' title='bbox 1338 3693 1427 3772; x_wconf 83' lang='lat' dir='ltr'>diiii·</span> 
     </span>
     <span class='ocr_line' id='line_1_35' title="bbox 358 3791 1426 3888; baseline -0.004 -16"><span class='ocrx_word' id='word_1_245' title='bbox 358 3793 468 3872; x_wconf 80' lang='lat' dir='ltr'>milis.</span> <span class='ocrx_word' id='word_1_246' title='bbox 516 3793 581 3874; x_wconf 82' lang='lat' dir='ltr'>ilie</span> <span class='ocrx_word' id='word_1_247' title='bbox 600 3794 693 3869; x_wconf 89' lang='lat' dir='ltr'>euim</span> <span class='ocrx_word' id='word_1_248' title='bbox 708 3791 842 3888; x_wconf 81' lang='lat' dir='ltr'>species</span> <span class='ocrx_word' id='word_1_249' title='bbox 863 3793 978 3868; x_wconf 83' lang='lat' dir='ltr'>carnis</span> <span class='ocrx_word' id='word_1_250' title='bbox 996 3792 1074 3883; x_wconf 88' lang='lat' dir='ltr'>est,</span> <span class='ocrx_word' id='word_1_251' title='bbox 1108 3791 1271 3866; x_wconf 83' lang='lat' dir='ltr'>&amp;decor</span> <span class='ocrx_word' id='word_1_252' title='bbox 1291 3811 1426 3888; x_wconf 85' lang='lat' dir='ltr'>corpo·</span> 
     </span>
     <span class='ocr_line' id='line_1_36' title="bbox 364 3891 1424 3986; baseline 0.004 -20"><span class='ocrx_word' id='word_1_253' title='bbox 364 3894 415 3966; x_wconf 79' lang='lat' dir='ltr'>rie</span> <span class='ocrx_word' id='word_1_254' title='bbox 436 3892 539 3986; x_wconf 85' lang='lat' dir='ltr'>vivi,</span> <span class='ocrx_word' id='word_1_255' title='bbox 562 3892 627 3968; x_wconf 91' lang='lat' dir='ltr'>ista</span> <span class='ocrx_word' id='word_1_256' title='bbox 648 3895 813 3968; x_wconf 89' lang='lat' dir='ltr'>colorum</span> <span class='ocrx_word' id='word_1_257' title='bbox 830 3892 933 3968; x_wconf 80' lang='lat' dir='ltr'>fucus</span> <span class='ocrx_word' id='word_1_258' title='bbox 952 3891 1026 3984; x_wconf 90' lang='lat' dir='ltr'>est,</span> <span class='ocrx_word' id='word_1_259' title='bbox 1053 3892 1184 3968; x_wconf 84' lang='lat' dir='ltr'>&amp;cera</span> <span class='ocrx_word' id='word_1_260' title='bbox 1201 3893 1332 3968; x_wconf 82' lang='lat' dir='ltr'>tabuiis</span> <span class='ocrx_word' id='word_1_261' title='bbox 1350 3893 1424 3970; x_wconf 90' lang='lat' dir='ltr'>sen·</span> 
     </span>
    </p>
   </div>
   <div class='ocr_carea' id='block_1_3' title="bbox 361 3984 1423 4178">
    <p class='ocr_par' dir='ltr' id='par_1_3' title="bbox 361 3984 1423 4178">
     <span class='ocr_line' id='line_1_37' title="bbox 361 3984 1423 4170; baseline 0.001 -102"><span class='ocrx_word' id='word_1_262' title='bbox 361 3990 405 4077; x_wconf 74' lang='lat' dir='ltr'>iu</span> <span class='ocrx_word' id='word_1_263' title='bbox 417 3993 619 4074; x_wconf 77' lang='lat' dir='ltr'>carentibus</span> <span class='ocrx_word' id='word_1_264' title='bbox 634 3991 864 4094; x_wconf 75' lang='lat' dir='ltr'>superpoiira¹</span> <span class='ocrx_word' id='word_1_265' title='bbox 912 3990 1046 4076; x_wconf 78' lang='lat' dir='ltr'>Nullua</span> <span class='ocrx_word' id='word_1_266' title='bbox 1062 3984 1151 4093; x_wconf 75' lang='lat' dir='ltr'>ergo,</span> <span class='ocrx_word' id='word_1_267' title='bbox 1165 3996 1205 4076; x_wconf 86' lang='lat' dir='ltr'>in</span> <span class='ocrx_word' id='word_1_268' title='bbox 1224 3994 1290 4170; x_wconf 57' lang='lat' dir='ltr'>ogs</span> <span class='ocrx_word' id='word_1_269' title='bbox 1305 3993 1423 4080; x_wconf 75' lang='lat' dir='ltr'>suniiia</span> 
     </span>
     <span class='ocr_line' id='line_1_38' title="bbox 404 4115 1370 4178; baseline -0.002 -4"><span class='ocrx_word' id='word_1_270' title='bbox 404 4169 412 4178; x_wconf 88' lang='grc'>.,</span> <span class='ocrx_word' id='word_1_271' title='bbox 1281 4115 1370 4173; x_wconf 77' lang='lat' dir='ltr'>omr-</span> 
     </span>
    </p>
   </div>
   <div class='ocr_carea' id='block_1_4' title="bbox 0 0 1714 4692">
    <p class='ocr_par' dir='ltr' id='par_1_4' title="bbox 0 0 1714 4692">
     <span class='ocr_line' id='line_1_39' title="bbox 0 0 1714 4692; baseline 0 5"><span class='ocrx_word' id='word_1_272' title='bbox 0 0 1714 4692; x_wconf 95' lang='lat' dir='ltr'> </span> 
     </span>
    </p>
   </div>
  </div>
 </body>
</html>
