3417 4692
352 389 357 395 ·
407 387 474 463 1n
498 364 1285 470 ananan-contnnnaama.
1322 417 1396 504 ³09.
1439 407 1441 412 ·

331 548 467 622 tiantut
482 548 657 641 letiores,
684 553 886 654 violentum
903 552 937 626 aa
952 521 1105 627 alienum
1123 554 1193 629 effe
1213 557 1391 648 arbitrati,

331 645 431 741 qu'od
452 649 677 745 dicebamus,
710 653 799 723 utile
816 651 917 726 fuiffe
938 652 1113 726 Pharaoni
1135 676 1200 725 cor
1215 656 1318 748 ipsius
1340 658 1392 728 in·
1415 721 1418 742 ,
1445 729 1451 738 ,

294 781 298 786 ·
329 750 467 836 durari,
495 748 611 840 &pro
627 772 673 821 eo
689 750 831 842 fecisse,
847 751 1083 845 'quacumque
1096 753 1222 847 scripta
1242 753 1320 827 sunt
1338 753 1391 826 ns·

329 868 401 940 que
419 848 462 919 ad
478 848 762 924 submersionem.
813 849 882 922 Sed
904 852 988 923 vide
1010 872 1096 924 num
1117 855 1227 943 inde,
1251 867 1392 928 remota

330 949 430 1020 omni
455 947 700 1038 dubitatione,
729 971 805 1038 quae
825 949 916 1023 dina
935 949 1014 1025 sunt
1037 955 1191 1043 probate
1211 953 1396 1046 possimus..

331 1049 466 1133 Multa,
492 1047 608 1137 inquit
627 1047 776 1140 David,
801 1050 919 1140 tingeda
933 1059 1124 1146 peccatoris:
1153 1049 1295 1124 &filins
1315 1055 1389 1144 ejus

328 1145 467 1235 docet,
500 1146 639 1231 Deum,
676 1170 934 1240 quemcumque
956 1150 1068 1244 diligit
1090 1150 1326 1242 &approbat
1351 1149 1390 1223 fi·

325 1247 438 1335 lium,
466 1244 617 1339 flagellis·
634 1248 833 1342 obiurgare.
886 1246 962 1341 ipse
983 1264 1154 1339 praetcrea
1167 1251 1287 1322 David
1307 1272 1389 1341 pro-

325 1344 520 1418 mistionem
547 1345 591 1416 de
614 1342 755 1417 Christo
785 1348 1067 1421 &credentibus
1096 1349 1238 1422 ineam
1266 1353 1389 1421 uatici-

324 1465 441 1536 nanS,
477 1445 548 1517 ait:
581 1447 621 1514 Si
645 1447 873 1541 dereliquerint
887 1450 962 1537 filii
986 1453 1051 1545 ejus
1076 1451 1167 1540 legam
1193 1476 1314 1537 meum,
1349 1449 1389 1525 (55
1460 1463 1464 1476 '

325 1549 364 1614 a'u
384 1547 516 1641 judiciis
541 1548 615 1611 meis
634 1569 701 1613 nan
726 1548 985 1631 ambulaverim
1005 1550 1035 1643 fi
1046 1551 1288 1645 jusiiflcatiuues
1305 1549 1409 1620 meas¹

327 1648 552 1735 violaverint,
578 1641 617 1719 (Ἰ
644 1650 804 1715 mandatu·
819 1673 885 1717 mea
910 1672 975 1715 non
1001 1649 1219 1744 custodierint,
1244 1653 1389 1728 uuaimad·
1442 1711 1447 1718 .

324 1761 451 1815 veriam
477 1748 513 1811 iu
537 1750 630 1836 virga
657 1750 845 1839 iniquitates
868 1746 1023 1842 ipfiirum,
1054 1746 1093 1823 (Ἰ
1120 1754 1156 1816 in
1174 1746 1307 1845 flagellis
1329 1747 1388 1839 sce·

323 1846 393 1919 loru
418 1868 539 1913 eurum:
563 1860 599 1914 ut
623 1847 861 1932 misericordiam
887 1871 983 1915 meum
1009 1872 1076 1917 utun
1101 1844 1170 1936 diffi
1190 1852 1243 1918 udo
1266 1849 1305 1918 ab
1331 1855 1387 1924 eit.
1424 1906 1431 1922 ,

322 1942 397 2017 Dei
412 1964 498 2038 ergo
516 1945 626 2038 gratia
649 1941 718 2035 est,
748 1967 829 2018 cum
849 1949 886 2017 in
914 1948 1387 2037 iniquum-animaduertitur
1430 1981 1434 1988 ’

322 2044 449 2139 virga,
478 2042 511 2114 d
529 2045 565 2116 in
583 2058 813 2135 peccatorem
833 2045 981 2141 flagellis
1044 2044 1093 2117 Et
1115 2061 1289 2138 quatenns
1308 2068 1385 2120 non

322 2143 542 2238 flagellatur,
575 2142 634 2233 qui
661 2162 808 2235 peccat,
843 2144 1058 2218 corredioni
1084 2146 1384 2219 &emendationi
1468 2203 1471 2210 .

321 2241 483 2316 nondum
505 2241 697 2333 subjicitur.
750 2246 872 2337 Quare
897 2245 1050 2317 minatur
1077 2245 1178 2317 Deus
1206 2246 1230 2318 ss
1259 2267 1384 2343 magna

323 2338 413 2415 fiant
428 2356 577 2434 peccata
592 2342 817 2435 Judaeorum,
843 2369 909 2414 nau
931 2347 1064 2440 amplius
1088 2345 1384 2435 animadversurum
1474 2363 1477 2368 ·

323 2443 463 2534 infilius
477 2465 598 2534 aarum,
618 2449 685 2509 ium
693 2441 728 2529 se
740 2446 979 2539 prostituerint,
995 2445 1033 2520 (5
1044 2448 1080 2513 iu
1089 2445 1218 2538 spanias
1234 2446 1383 2541 ipsarum,

321 2565 393 2611 eum
409 2539 543 2632 fuerint
572 2542 766 2612 adulterata.
807 2540 857 2613 Et
882 2544 963 2614 alibi
986 2545 1059 2616 ait:
1096 2547 1184 2635 Quia
1206 2551 1382 2638 expurauvi

320 2658 372 2726 te,
398 2638 437 2717 ὅ
460 2641 524 2711 uun
546 2665 577 2710 es
597 2656 749 2734 purgatus
775 2666 840 2709 nou
863 2644 980 2728 irascar
1004 2644 1065 2711 tihi
1091 2647 1247 2736 anaplum,
1285 2668 1383 2738 neque

321 2741 486 2814 amantor
500 2756 628 2837 propter
646 2756 677 2811 te
696 2742 841 2835 amplius.
894 2736 992 2836 Ergo
1018 2739 1145 2831 quibus
1170 2762 1246 2812 non
1267 2741 1382 2814 irasci-

319 2854 381 2915 tur
395 2841 648 2933 peccantibus,
674 2853 715 2911 ut
729 2838 779 2911 ita
791 2840 924 2930 dicam,
950 2841 1022 2912 bile
1036 2839 1197 2912 incensus
1212 2861 1286 2914 non
1302 2839 1381 2915 iras·

321 2942 428 3028 citur.
481 2939 752 3012 Observandum
770 2950 944 3033 practerea
962 2939 1096 3031 minas,
1124 2960 1201 3029 quae
1216 2960 1280 3034 per
1293 2940 1382 3013 Pro-¹

319 3042 445 3135 phetas
468 3040 671 3130 jaciuntur,
704 3040 757 3111 his
781 3038 858 3111 fere
879 3038 1002 3112 verbis
1026 3038 1216 3112 concludi:
1252 3040 1380 3133 coguos-

318 3158 421 3227 cent‚
464 3143 541 3236 quia
568 3164 615 3231 ego
639 3143 823 3209 Dominus:
869 3136 1081 3211 &minatur
1111 3160 1196 3224 non·
1214 3137 1377 3214 Israelitis
1455 3149 1458 3154 '

316 3238 452 3332 modo,
475 3236 658 3311 sedetiam
673 3235 874 3332 AEgyptiis,
900 3237 934 3310 dc
960 3235 1135 3333 Aisyriis,
1162 3237 1195 3312 δι
1219 3239 1294 3326 aliis
1314 3240 1379 3313 ini·

316 3340 417 3420 micis
431 3337 556 3431 populi
574 3335 634 3412 sui.
687 3335 730 3409 ld
746 3357 837 3409 vero
855 3337 953 3427 quod
967 3338 1004 3410 in
1019 3334 1092 3410 fine
1112 3338 1270 3413 omnium
1290 3339 1389 3431 ejus·.

292 3437 417 3513 'modi
447 3437 764 3510 comminationum
794 3435 963 3529 additur,
998 3436 1036 3508 in
1062 3436 1196 3511 Exodo
1231 3437 1377 3532 quoque

315 3535 560 3628 scriptumest.
611 3534 784 3625 Nunquid
804 3555 891 3631 ergo
915 3537 973 3626 qui
988 3536 1154 3632 indurat,
1181 3537 1307 3612 durum
1322 3541 1375 3611 in·

317 3635 453 3725 durat?
481 3647 642 3727 apertum
657 3650 774 3708 autem
793 3632 843 3708 est
863 3634 989 3709 durum
1009 3657 1085 3709 non
1104 3637 1282 3729 indurari,
1314 3636 1375 3710 sed

315 3757 389 3829 prae
417 3733 668 3826 mollitudine,
703 3733 868 3806 duritiem
895 3733 931 3805 in
958 3733 1122 3808 duritiem
1150 3737 1373 3809 commutari.

315 3834 515 3910 Mollitudo
531 3853 622 3907 vero
638 3833 757 3906 cordis
770 3830 962 3926 Scriptura
980 3832 1155 3908 sententia
1168 3834 1373 3928 laudabilis,

314 3948 358 4007 ut
377 3931 550 4030 plerisque
565 3931 603 4007 in
618 3934 708 4007 locis
721 3954 741 4006 a
755 3933 861 4103 nogia
878 3930 929 4005 est
946 3932 1186 4022 observatum.
1237 3934 1374 4007 Dicant

855 4052 874 4123 3
1273 4034 1323 4106 ita
