3417 4692
625 359 636 374 “’
743 433 748 438 .
907 361 1048 442 IN
1097 355 1665 438 GENESIM
1709 355 2263 438 HOMILIA
2306 355 2765 460 11..157

599 531 798 634 rigua
847 527 919 601 in
968 523 1445 618 superioribus
1499 525 1717 618 loca,
1794 524 2195 598 mitioribus
2242 524 2711 600 animantibus

597 607 872 705 stabula
899 625 1122 700 fuisse.
1173 623 1396 719 Supra
1417 625 1656 698 omnia
1677 645 1863 700 vero
1888 624 1961 698 in
1991 621 2273 698 excelso
2292 625 2711 700 hominibus

605 729 840 803 sedem
867 727 1222 819 locatam,
1271 737 1533 818 utpote
1559 725 1678 818 qui
1716 725 1783 798 δι
1818 723 2104 797 honore
2133 724 2200 797 δι
2227 725 2511 798 ratione
2547 747 2714 799 cun-

601 827 714 902 &a
750 827 1196 920 praecellant.
1250 837 1334 898 ut
1363 823 1542 898 ficut
1581 825 1864 898 ratione
1897 825 1964 896 δι
2001 823 2332 917 sapientia
2363 819 2711 917 principa'-

603 941 758 1000 tum
792 946 1041 1022 gerere
1079 925 1281 1017 supra
1315 924 1602 1017 omnia,
1661 945 1815 1016 quae
1853 923 1929 996 in
1968 923 2175 996 terris
2202 921 2400 1015 sunt,
2456 925 2715 998 dicitur

599 1027 875 1118 hom0,
937 1026 1040 1098 ita
1075 1025 1287 1100 etiam
1328 1025 1504 1097 loco
1550 1021 1860 1118 celfior‚
1926 1021 1994 1096 δι
2029 1021 2232 1116 supra
2274 1043 2526 1095 ornnes
2566 1026 2710 1097 ani-

596 1140 873 1202 mantes
891 1176 917 1216 ‚
969 1143 1126 1216 quae
1160 1125 1234 1196 in
1261 1145 1424 1198 arca
1456 1121 1672 1215 sunt,
1724 1077 2129 1198 col’locatus
2174 1121 2279 1196 fit.
2380 1121 2712 1198 Tradunt

599 1237 842 1298 autem
877 1223 1092 1300 etiarn
1137 1219 1441 1315 ostium,
1492 1223 1688 1316 quod
1721 1243 1811 1297 ex
1838 1225 2064 1316 latere
2103 1219 2361 1295 fastum
2404 1221 2711 1317 dicitur,

599 1345 698 1399 eo
717 1323 863 1398 loci
896 1319 1139 1416 fuisse,
1181 1335 1265 1395 ut
1289 1321 1677 1415 inferiora,
1711 1343 1865 1416 quae
1898 1322 2078 1395 dixit
2104 1321 2573 1415 bicamerata,
2610 1324 2718 1395 in-

597 1421 710 1497 fra
733 1419 804 1495 se
836 1422 1296 1515 haberet,&
1339 1439 1493 1514 quae
1518 1421 1696 1494 dixit
1728 1422 2179 1494 tricamerata
2198 1471 2225 1514 ,
2276 1417 2639 1512 superiora
2669 1435 2713 1495 a

596 1524 775 1596 loco
813 1520 975 1596 ostii
1009 1522 1360 1615 appellata
1392 1521 1560 1594 sint.
1611 1533 1696 1593 ut
1714 1519 1881 1594 inde
1898 1518 2197 1616 ingrefl’a
2216 1517 2543 1593 universa
2570 1521 2719 1594 ani-

591 1622 850 1715 malia,
914 1641 1045 1715 per
1078 1621 1196 1694 sua
1246 1641 1540 1714 quaeque
1583 1621 1752 1694 loca
1783 1617 2165 1694 secundum
2185 1671 2212 1712 ‚
2274 1619 2471 1712 quod
2504 1615 2714 1715 supra

595 1721 947 1815 diximus,
1013 1740 1336 1816 congrua
1375 1718 1807 1794 discretione
1844 1719 2143 1792 diremta
2174 1719 2331 1793 fint.
2432 1720 2728 1794 Verum·

595 1819 758 1892 ostii
783 1820 990 1912 ipfius
1016 1820 1416 1911 munimen,
1464 1840 1618 1892 non
1639 1820 1786 1911 jam
1812 1817 2139 1892 humanis
2170 1817 2568 1892 rationibus
2590 1818 2709 1890 ad-

589 1919 950 2012 impletur.
1054 1872 1455 2017 Quomodo
1497 1920 1690 1992 enim
1727 1917 2188 2011 posteaquam
2224 1915 2531 1994 clausum
2562 1917 2706 2011 est,
2815 2001 2821 2006 ,

585 2017 667 2090 &
695 2018 929 2091 nullus
964 2016 1334 2091 hominum
1386 2031 1589 2091 extra
1630 2038 1869 2096 arcam
1900 2015 2079 2112 fuit,
2128 2018 2537 2090 bituminari
2586 2039 2712 2092 ex-

590 2114 934 2190 trinsecus
967 2113 1224 2207 ostium
1255 2117 1537 2210 potuit,
1589 2116 1715 2190 nis1
1755 2117 1917 2209 quia
1956 2115 2219 2190 divinae
2241 2117 2532 2189 virtutis
2560 2115 2709 2190 fine

592 2215 821 2289 dubio
868 2236 1052 2311 opus
1100 2215 1289 2308 fuit,
1353 2236 1446 2289 ne
1483 2215 1981 2332 ingrederetur
2015 2237 2196 2308 aqua
2234 2235 2365 2310 per
2398 2217 2708 2305 aditum,

593 2335 808 2406 quem
841 2315 1146 2388 humana
1171 2335 1324 2388 non
1351 2317 1703 2390 munierat
1734 2336 1981 2388 manus
2000 2313 2037 2389 2
2102 2313 2498 2410 Propterea
2528 2319 2706 2411 ergo

589 2412 937 2508 scriptura
974 2434 1135 2488 cum
1160 2414 1251 2488 de
1281 2413 1554 2488 caeteris
1575 2415 1921 2489 ‘omnibus
1954 2413 2235 2490 dixiss'et
2254 2467 2279 2506 ,
2332 2418 2495 2508 quia
2526 2415 2709 2489 fecit

585 2533 826 2592 arcam
849 2509 1028 2586 Noe
1044 2567 1070 2606 ,
1123 2514 1620 2587 &introduxit
1643 2514 1967 2588 animalia
1985 2568 2010 2604 ‚
2065 2514 2132 2587 δι
2156 2511 2347 2588 filios
2363 2567 2391 2606 ‚
2429 2515 2497 2588 ἂ
2520 2536 2706 2588 uxo-

586 2632 706 2686 res
723 2633 1005 2704 eorum,
1027 2612 1116 2687 de
1148 2610 1334 2685 ostio
1366 2634 1522 2687 non
1553 2613 1762 2705 dixit,
1786 2614 1947 2705 quia
1973 2612 2148 2686 Noe
2182 2613 2425 2687 clausit
2449 2611 2707 2689 ostium

593 2732 812 2787 arcae:
861 2710 977 2785 sed
1016 2714 1156 2805 ait,
1207 2712 1368 2804 quia
1404 2711 1621 2808 clausit
1653 2715 1976 2784 Dominus
2020 2717 2192 2783 Deus
2224 2712 2453 2803 deforis
2494 2715 2709 2810 ostium

590 2838 754 2884 arca
771 2864 798 2905 ‚
850 2809 928 2888 O*
940 2812 1031 2907 fic
1060 2808 1304 2900 faeHum
1329 2807 1411 2902 ιβ
1440 2811 1783 2884 dilnvium.
1890 2809 2434 2886 Observandum
2466 2827 2707 2886 tamen

593 2909 739 3003 est,
795 2911 992 3003 quod
1039 2908 1204 3005 post
1243 2910 1592 2986 diluvium
1636 2931 1795 2985 non
1838 2910 2100 2984 dicitur
2142 2909 2317 2986 Noe
2361 2911 2705 3005 aperuisse

590 2964 878 3102 ostium,
902 3006 1021 3082 sed
1042 3009 1450 3104 fenestram,
1482 3031 1644 3085 cum
1670 3010 1893 3084 emifit
1918 3031 2250 3101 corvum,
2280 3023 2365 3083 ut
2388 3011 2702 3106 videret,

591 3124 835 3183 utrum
872 3105 1182 3182 ceffaffet
1221 3130 1400 3202 aqua
1440 3108 1645 3203 super
1683 3122 1965 3185 terram.
2068 3109 2294 3207 Quod
2334 3125 2570 3184 autern
2596 3113 2703 3184 in·
2811 3147 2825 3158 -

588 3209 840 3284 tulerit
869 3209 1110 3284 cibum
1123 3206 1299 3285 Noe
1321 3212 1396 3286 in
1417 3230 1651 3284 arcam
1672 3208 2004 3286 omnibus
2036 3210 2550 3384 mmgbffi'
2582 3211 2707 3288 vel

572 3354 577 3357 -
2372 3332 2411 3384 e
2523 3330 2600 3406 s,

1294 3467 1682 3550 Vtasro
1731 3489 2021 3552 nova.

571 3608 948 3704 summitate
967 3610 1051 3684 ad
1063 3617 1324 3710 pr'opria
1349 3615 1480 3686 lm
1514 3637 1737 3708 magna
1772 3640 1910 3686 cum
1930 3619 1993 3686 dt
1983 3607 2313 3703 ‘fficuleate
2338 3613 2702 3709 defioezdrffi.

603 3711 696 3784 Ut
723 3712 934 3802 ficare
965 3712 1358 3786 clauderetur
1399 3716 1529 3784 hac
1553 3719 1809 3810 janua,
1870 3719 2012 3786 divi
1990 3739 2103 3786 ma
2144 3717 2410 3812 quadam
2446 3725 2701 3788 virtute

783 3827 962 3900 erat,
1013 3837 1152 3883 cum
1197 3838 1334 3886 rum
1378 3813 1646 3912 amplius
1683 3810 1829 3906 effirt
1872 3815 2104 3906 deforis
2136 3816 2316 3887 homo
2348 3821 2701 3913 quispiam.

581 3917 703 4009 qui
733 3936 867 3983 eam
898 3911 1281 3984 bituminare
1304 3909 1530 4011 P⁰ffi²2
1573 3937 1660 3984 no
1689 3916 2117 4008 ingrederetur
2139 3941 2323 4014 aqua.
2434 3918 2595 3988 Eam
2628 3917 2702 3988 ob

582 4011 971 4190 mssufit
1001 3937 1384 4086 Dominus„
1355 4019 1526 4088 Deus
1557 4012 1691 4113 post
1720 4015 1903 4104 Noe,
1954 4009 2035 4092 ὁ·
2068 4016 2162 4112 fic
2188 4013 2445 4110 fastum
2488 4017 2569 4114 eft
2606 4020 2699 4090 di-
