3417 4692
364 373 571 474 o4.u
673 339 1159 453 .ourcrmrs·
1252 438 1313 480 „.

276 523 278 534 ¹
362 544 462 621 sione
484 527 686 615 nonhabet
704 539 853 632 positam
873 537 1030 630 causam,
1054 558 1118 612 cur
1138 539 1219 614 data
1239 539 1281 616 iit
1296 561 1422 637 repro·

243 712 247 720 ,
364 644 497 733 missio,
524 641 586 713 nifi
607 654 746 712 tantum
769 640 867 731 quod
883 638 1006 712 eduxit
1027 660 1106 712 eum
1121 638 1239 735 foras,
1266 640 1420 742 &asiaq-

259 820 262 826 ,
363 748 434 829 rit,
460 742 593 832 inquit,
621 740 759 833 cisscllas
776 743 867 824 celi,
892 738 930 813 (Ἰ
944 742 1046 826 dixit,
1069 741 1110 833 fic
1125 746 1188 811 crit
1196 743 1301 830 semen
1317 760 1419 818 tuum.

364 841 476 916 Nunc
501 860 593 912 vero
620 839 718 911 addit
743 837 879 912 causam
903 853 1054 932 propter
1080 859 1183 931 quam
1213 841 1419 931 juramento

366 937 826 1032 confirmatpromiffionem
844 934 979 1012 firmam
992 937 1160 1016 futuram.
1194 939 1295 1012 Dicit
1309 944 1417 1036 enim,

364 1039 563 1136 Quiasecifli
581 1040 707 1110 verbum
719 1041 795 1125 hoc,
822 1036 860 1113 (Ἰ
874 1061 938 1108 non
947 1038 1098 1136 peperciflr
1107 1041 1181 1129 filio
1194 1057 1255 1110 tuo.
1290 1038 1419 1114 Osten-

366 1142 420 1214 dit
434 1159 537 1232 ergo,
556 1138 653 1229 quod
670 1153 821 1233 propter
840 1135 1063 1212 oblationem
1076 1139 1138 1212 vel
1152 1139 1341 1233 paffionem
1355 1137 1419 1214 filii

362 1238 543 1336 promiffio
552 1236 652 1312 firma
664 1236 725 1311 irt:
742 1237 931 1310 evidenter
945 1236 1140 1332 designans,
1155 1239 1252 1332 quod
1266 1255 1418 1334 propter

363 1338 554 1437 pastionem
575 1335 701 1409 Christi
717 1339 855 1428 populo
872 1337 1118 1432 exgentibus,
1146 1339 1204 1429 qui
1219 1360 1265 1411 ex
1279 1335 1350 1410 fide
1368 1336 1420 1412 est

292 1437 295 1444 ’
364 1437 537 1527 Abrabae,
563 1450 704 1508 maneat
715 1432 814 1509 firma
827 1435 1018 1528 promiffio.
1051 1432 1100 1508 Et
1110 1438 1280 1527 numquid
1294 1440 1331 1510 in
1345 1437 1419 1512 hoc

363 1534 612 1616 solosecunda
626 1531 785 1608 firmiora
799 1533 879 1608 sunt
893 1534 1039 1626 primis?
1064 1535 1107 1610 In
1123 1537 1242 1611 multis
1254 1538 1418 1630 hujusce·

362 1636 468 1714 modi
485 1635 689 1709 adumbrata
703 1634 867 1708 invenies
888 1633 1114 1713 sacramenta.
1163 1635 1294 1709 Primas
1317 1639 1417 1710 tabu·

362 1741 414 1818 las
433 1736 519 1834 legis
534 1735 572 1806 in
590 1736 692 1808 litera
707 1734 890 1828 confregit
904 1732 1053 1827 Moyses
1072 1734 1268 1826 &abjecitz
1295 1734 1420 1810 secun·

363 1838 444 1914 dam
458 1837 575 1929 ¹legem
594 1831 766 1926 inspiritu
788 1831 955 1928 suscepit,
983 1829 1279 1908 &suntfirmiora
1297 1833 1419 1910 secun·

363 1937 409 2012 da
423 1953 526 2027 quam
541 1932 662 2026 prima
700 1930 833 2006 Rursus
850 1933 943 2008 idem
957 1931 1030 2027 ipse
1046 1954 1126 2006 cum
1143 1943 1286 2008 omnam
1300 1936 1418 2030 legem

337 2040 400 2118 ¹in
421 2048 576 2125 quatuor
598 2031 696 2105 libris
716 2031 1063 2124 comprehendiffet,
1089 2031 1442 2134 Deuteronomium„

362 2133 518 2228 scripiit,
545 2130 643 2222 quod
664 2129 817 2204 secunda
841 2131 981 2206 dicitur.
1033 2128 1177 2205 Ismahel
1196 2135 1327 2225 primus
1345 2133 1418 2228 est,

362 2230 535 2316 scesmdus
555 2227 670 2322 Isaac,
698 2231 731 2302 δι
749 2231 864 2304 similis
880 2232 917 2302 in
932 2229 1089 2304 secundo
1109 2234 1324 2325 prelationis
1342 2233 1419 2308 for-

362 2354 421 2412 ma
436 2330 608 2407 servatur.
659 2329 792 2404 Hoc&
806 2330 841 2423 iu
859 2328 949 2402 Esau
969 2329 1002 2401 a:
1019 2331 1054 2403 in
1070 2332 1204 2424 Jacob,
1231 2333 1267 2404 in
1281 2330 1419 2408 Effrem

361 2428 599 2526 emanasse,
632 2430 670 2505 in
698 2430 794 2506 mille
819 2429 894 2502 aiiis
925 2429 1080 2504 similiter
1104 2432 1267 2506 invenies
1301 2432 1420 2509 adum·

311 2548 318 2558 ·
363 2536 516 2614 bratum.
1077 2559 1080 2564 ·

439 2654 471 2709 ε.
497 2630 567 2704 Sed
589 2630 773 2706 redeamus
795 2649 892 2704 nunc
909 2627 952 2703 ud
967 2626 1223 2727 nosmetipsos,
1250 2629 1418 2707 &mora-

260 2745 262 2752 '
333 2779 335 2783 <
362 2734 433 2809 lem
447 2734 570 2807 locum
585 2752 650 2823 per
664 2733 819 2825 singulos
836 2728 996 2822 quosque
1006 2730 1206 2807 tractemus.
1256 2731 1419 2825 Aposto-

248 2901 251 2910 .
361 2835 419 2909 lus
434 2831 543 2923 dicit,
569 2832 658 2905 ficut
676 2832 748 2923 jam
768 2827 926 2924 superius
951 2832 1253 2927 memoravimus,
1289 2836 1418 2904 Primus

359 2934 450 3009 mmo
469 2933 505 3003 ce
524 2948 610 3002 terra
627 2946 798 3019 terrenus,
824 2932 993 3022 secundum
1014 2932 1104 3002 homo
1130 2933 1166 3001 de
1188 2935 1257 3010 celo
1280 2931 1417 3025 coelqiis.

361 3032 481 3128 Qualis
501 3046 667 3124 serrem,
694 3029 829 3108 tales&
852 3036 991 3102 temni:
1017 3032 1057 3108 (5
1074 3027 1177 3130 qualis
1202 3033 1339 3129 ccelesiis,
1367 3050 1418 3104 ra.

361 3135 406 3210 bs
421 3133 461 3208 ὕ
476 3131 611 3228 calefias.
661 3133 754 3202 Sicut
773 3138 971 3228 portavimus
986 3135 1160 3225 ,imaginem
1178 3138 1321 3225 terreni,
1343 3153 1417 3229 por·

359 3248 464 3306 temus
479 3230 518 3309 6
536 3234 698 3325 imaginem
716 3233 849 3329 caustis„
875 3231 1007 3323 Vides,
1031 3228 1115 3324 quid
1133 3231 1310 3326 ostendit,
1336 3235 1423 3325 quia,

358 3332 389 3408 fr
407 3328 637 3425 permanseris
650 3333 687 3404 in
706 3354 753 3405 eo
774 3330 873 3422 quod
886 3333 1037 3424 primum
1051 3329 1121 3427 est,
1149 3332 1246 3422 quod
1263 3333 1307 3405 de
1323 3349 1418 3405 terra

362 3430 434 3521 est,
459 3431 733 3525 reprobaberis,
759 3430 820 3504 nisr
837 3443 875 3503 te
890 3444 1110 3523 commutes,
1134 3432 1197 3505 nisr
1219 3430 1423 3505 conversus-

360 3531 492 3625 fueris,
517 3531 582 3605 nifi
606 3530 753 3605 coelestis
774 3528 922 3604 effecius
941 3531 1126 3627 imaginem
1146 3529 1295 3604 coeiestis
1317 3552 1418 3604 acce·

240 3703 242 3708 .
360 3632 469 3726 peris.
519 3631 605 3705 Hoc
618 3623 713 3706 idem
733 3628 802 3722 est,
828 3630 928 3720 quod
947 3631 1029 3703 alibi
1043 3630 1149 3703 dicits
1179 3633 1340 3704 Exuenres
1359 3655 1419 3705 vor

360 3733 499 3804 veteram
517 3733 673 3804 luminam
694 3755 760 3800 cum
782 3729 901 3801 aciibus
919 3730 1006 3820 ficis,
1032 3727 1071 3806 &
1090 3734 1254 3803 induentes
1279 3756 1417 3823 novum,

255 3901 258 3908 .
338 3830 340 3835 ’
384 3838 416 3902 ui
428 3833 596 3919 licendum
621 3837 726 3904 Deum
748 3847 872 3902 creatus
896 3831 945 3930 ιβ.
995 3825 1146 3922 idipsum
1172 3831 1207 3904 ἀ
1231 3832 1301 3904 alio
1327 3834 1418 3907 loco

376 3933 504 4005 crrbit:
533 3934 612 4005 Ecce
628 3950 737 4008 vetera
755 3932 973 4028 rravficrunr,
993 3928 1086 4026 salia
1102 3929 1183 4020 sunt
1198 3937 1304 4003 omnia
1318 3958 1418 4006 nova.

358 4025 504 4110 Idcirco
536 4051 625 4131 ergo
655 4032 903 4130 promiffiones
933 4029 1010 4109 suas
1036 4045 1196 4118 renovat
1218 4032 1345 4210 Delus,
1376 4045 1421 4106 ur

1250 4155 1274 4211 o
1308 4155 1369 4210 en·
