3417 4692
377 381 449 458 ηε
594 395 597 402 ·
695 357 1100 436 ORIGENIS

293 531 296 536 ’
375 545 456 598 eum
471 523 508 595 in
528 533 671 618 gentem
688 543 861 618 magnam.
886 521 1020 618 Magna
1038 523 1131 595 enirn
1149 541 1235 618 gens
1254 518 1304 595 est
1321 524 1436 598 virtu-

374 637 450 698 tum
466 642 632 696 numerus
651 621 839 714 &justitiae
857 622 1074 714 multitudo,
1100 624 1137 694 in
1154 642 1222 712 qua
1241 621 1343 696 santii
1361 629 1436 716 qul-

376 743 446 815 que
461 721 687 815 multiplicari
705 722 873 794 dicuntur
891 721 925 793 dr
946 720 1114 796 crescere.
1167 720 1378 814 Completur
1398 726 1433 795 in
1469 779 1472 786 .

378 844 426 898 eo
445 822 550 894 etiam
570 819 678 913 illud,
699 821 796 913 quod
810 819 938 893 ditium
958 819 1028 912 est,
1054 823 1134 912 quia
1149 823 1291 892 revocabo
1312 839 1344 892 re
1362 828 1435 893 inde

375 928 415 994 in
425 924 538 1014 finem.
564 918 660 994 Finis
676 924 770 994 enim
783 918 957 1014 perfettio
972 939 1090 992 rerum
1107 920 1141 992 dr
1159 920 1332 994 virtutum
1346 944 1455 1000 con.

376 1021 561 1096 summatio
575 1020 734 1113 ponitur.
787 1019 940 1111 Propter
955 1019 1028 1091 hoc
1041 1020 1192 1111 denique
1210 1020 1343 1094 &alius
1359 1023 1434 1112 qui·

377 1122 457 1194 darn
468 1116 665 1193 sanetorum
682 1119 839 1194 dicebat:
866 1121 919 1191 Ne
928 1143 1048 1189 revoces
1061 1144 1108 1192 mt
1121 1126 1158 1190 t'tt
1171 1122 1297 1190 dimidio
1312 1124 1435 1192 dierum

375 1244 523 1295 meorum.
572 1216 623 1290 Et
633 1220 763 1292 iterum
784 1238 915 1314 magno
932 1219 1140 1312 patriarchae
1160 1219 1339 1292 Abraham
1353 1219 1435 1291 scri·

284 1321 286 1326 '
375 1335 483 1415 ptura
505 1316 745 1392 testimonium
766 1319 953 1411 perhibet,
980 1319 1148 1410 quoniam
1171 1317 1356 1392 defunctus
1381 1321 1434 1393 est

377 1418 560 1494 Abraham
577 1419 704 1510 plenus
725 1417 872 1493 dierum.
920 1417 1006 1491 Hoc
1022 1417 1073 1490 est
1092 1437 1202 1514 ergo,
1232 1420 1385 1489 Revomlo
1403 1439 1434 1491 te

379 1521 453 1590 inde
466 1519 624 1609 infinem:
644 1515 781 1592 velutsr
797 1517 951 1591 diceret:
978 1518 1157 1616 Quoniam
1173 1532 1354 1592 certamen
1367 1522 1434 1592 bo·

379 1639 465 1692 num
483 1615 649 1713 certasti,
682 1614 790 1690 fidem
812 1615 980 1710 servasti,
1013 1615 1150 1689 cursum
1167 1615 1432 1710 consummasti,

376 1718 565 1792 revocabo
589 1716 714 1809 tejam
740 1716 785 1789 de
813 1717 887 1790 hoc
912 1715 1073 1809 mundo,
1108 1715 1151 1788 ad
1176 1717 1433 1792 beatitudinem

375 1818 556 1908 futuram,
590 1816 634 1888 ad
653 1815 909 1910 perfeetionem
935 1816 1019 1890 vitae
1039 1830 1202 1907 aeternae,
1231 1816 1274 1887 ad
1292 1816 1433 1908 justitiae

303 1957 305 1962 .
379 1937 575 2010 coronam„
602 1936 706 2006 quam
715 1914 843 1989 reddet
855 1915 1034 2007 Dominus
1045 1917 1082 1987 in
1102 1913 1210 1988 linem
1225 1913 1433 1990 saeculorum

378 2016 566 2106 omnibus,
593 2016 653 2105 qui
673 2013 823 2110 diligunt
841 2037 933 2088 eum.
1036 2059 1039 2064 -

420 2147 426 2156 e
454 2135 487 2207 7.
512 2112 707 2210 Videamus
719 2126 852 2206 autem,
869 2113 1064 2204 quidetiam
1073 2114 1157 2186 inde
1167 2112 1435 2189 sentiendumfit

297 2299 299 2304 ¹
379 2212 479 2306 quod
499 2211 608 2284 dicit:
652 2214 702 2285 Et
730 2214 847 2308 Joseph
864 2229 960 2308 pontt
984 2239 1098 2283 manus
1124 2216 1202 2303 suas
1220 2216 1311 2310 super
1336 2219 1434 2286 ocrim

379 2331 458 2386 tuos.
500 2311 628 2408 ,Multa
653 2311 793 2403 quidem
817 2311 911 2384 intra
935 2313 1039 2403 hujus
1074 2312 1244 2386 sermonis
1268 2314 1434 2388 velamen

264 2471 276 2498 ,
379 2433 513 2487 arcanae
530 2410 755 2506 intelligeniae
774 2413 920 2508 contegi
935 2413 1090 2484 arbitror
1105 2412 1339 2501 sacramenta,
1356 2435 1434 2503 quae

377 2509 613 2608 contingere,
640 2511 675 2583 dc
696 2508 834 2603 pulsare
858 2512 1002 2586 alterius
1024 2514 1194 2603 temporis
1213 2509 1272 2588 est.
1322 2511 1434 2585 Nunc

377 2612 521 2686 interim
539 2631 616 2683 non
639 2609 821 2683 videbitur
845 2609 973 2702 absque
992 2614 1132 2683 ratione
1157 2612 1252 2702 dici,
1279 2612 1375 2701 quod
1399 2613 1433 2683 dr

377 2712 558 2808 prioribus
582 2710 711 2783 nostris
735 2710 937 2801 quibusdam
967 2708 1076 2783 visum
1099 2710 1173 2802 est,
1205 2711 1432 2805 prophetiam

381 2811 556 2903 quandam
568 2811 605 2882 in
623 2811 696 2883 hoc
718 2810 929 2906 designatam
947 2810 1079 2881 videri:
1107 2811 1273 2900 quoniam
1291 2809 1434 2901 quidem

379 2914 424 2986 de
446 2910 543 2983 tribu
562 2908 695 3005 Joseph
717 2909 787 2981 fuit
812 2907 1055 2999 Hieroboam,
1081 2910 1141 2981 ille
1162 2912 1219 3000 qui
1239 2907 1325 2980 fecit
1347 2912 1432 2981 duas

377 3029 509 3085 vaccas
534 3029 685 3100 aureas,
715 3022 757 3104 ut
770 3006 955 3081 seduceret
973 3012 1146 3102 populum
1176 3008 1324 3081 adorare
1351 3031 1432 3103 eas,

381 3111 498 3204 &per
520 3109 593 3182 hoc
613 3109 718 3181 velut
740 3106 911 3201 impositis
941 3109 1100 3180 manibus
1125 3105 1192 3179 suis
1217 3108 1433 3199 excaecavit,

382 3212 417 3283 dt
451 3208 572 3283 clausit
609 3210 738 3280 oculos
771 3206 902 3296 lsrael,
941 3227 987 3279 ne
1020 3208 1187 3282 viderent
1214 3209 1434 3299 impietatem

381 3308 499 3402 suam,
526 3307 570 3380 de
599 3328 672 3399 quo
700 3305 830 3382 ditium
857 3305 924 3380 est:
962 3312 1090 3401 Propter
1116 3311 1307 3402 impietatem
1334 3309 1434 3405 Jacob

380 3411 464 3504 hac,
487 3412 604 3495 omnia,
629 3405 669 3483 (5
677 3425 809 3504 propter
820 3425 973 3503 peccatum
989 3408 1093 3476 domus
1107 3408 1208 3495 lsrael.
1240 3411 1434 3499 Quae'autem

380 3513 525 3606 impietas
541 3504 664 3604 Jacob?
688 3510 808 3580 [unm
828 3503 1006 3577 Samaria?
1030 3506 1100 3579 Sed
1118 3507 1142 3579 fi
1157 3509 1232 3597 quis
1251 3506 1349 3580 forte
1369 3527 1432 3581 ne·

379 3623 441 3708 get
460 3607 666 3699 debentes,
692 3628 769 3698 quae
794 3605 855 3678 iub
880 3603 996 3697 specie
1012 3606 1153 3697 pietatis
1173 3605 1294 3679 futura
1309 3629 1328 3680 a
1345 3605 1432 3680 Deo

380 3708 472 3783 ditia
495 3707 597 3799 sunt,
634 3706 677 3780 ad
707 3721 844 3799 partem
878 3706 1152 3798 vituperabilem
1182 3703 1303 3794 flesti,
1339 3705 1435 3779 dice-

379 3830 480 3903 mus,
495 3806 627 3900 quia&
639 3827 748 3881 verus
766 3801 915 3899 Joseph,
941 3803 1167 3898 Dominus&
1185 3804 1353 3878 Salvator
1367 3827 1434 3878 no.-

380 3907 469 4001 ster‚
485 3907 576 3980 ficut
590 3903 815 3999 corporalem
827 3925 968 3978 manum
983 3902 1077 3976 suam
1092 3901 1211 3996 posuit
1227 3901 1328 3997 super
1346 3925 1435 3977 ocu·

381 4009 438 4083 los
459 4009 573 4102 caeci,
599 4003 803 4083 &reddidit
822 4005 857 4078 ei
879 4001 991 4078 visum
1013 4025 1116 4097 quem
1136 4002 1357 4176 perdiderpit:
1384 4005 1435 4078 itt

1275 4125 1297 4179 ε
1328 4125 1384 4179 am
