3417 4692
506 377 571 453 ru
598 373 881 452 oauasrm
906 373 1126 456 nouum
1152 375 1180 454 1.
1308 399 1378 474 147

317 536 423 614 trra?
448 537 582 630 dequo
601 535 770 633 scriptum
790 535 862 618 est,
884 537 965 628 quia
976 536 1019 611 srt
1035 539 1181 634 splendor
1202 542 1314 609 aterni
1329 542 1385 620 us,

315 646 438 728 minis,
466 640 504 716 (⁴5
515 642 623 731 figura
638 638 773 735 expreffia
785 640 967 736 substansia
983 642 1069 732 Dei,
1097 639 1227 730 quia&
1244 637 1316 732 ipse
1332 639 1379 714 de

316 738 353 813 se
371 739 476 812 dicit:
505 741 569 831 Ego
583 742 620 807 iu
635 756 747 836 patre,
773 735 813 814 ss
825 757 917 834 pater
934 742 971 808 iu
988 761 1064 807 mer>
1080 739 1119 814 U
1135 747 1191 835 qui
1207 763 1254 808 me
1270 742 1381 829 vider,

315 841 408 910 viler
435 839 485 913 U·
500 855 634 935 parram.
700 831 801 910 Sicut
829 836 923 910 enim
947 837 1007 929 qui
1039 837 1168 910 viderit
1192 837 1383 933 imaginem

317 938 489 1030 alicujus,
513 937 614 1010 videt
631 956 731 1029 eum,
757 935 857 1029 cujus
871 937 988 1032 imago
1006 933 1077 1030 est,
1102 939 1151 1008 ita
1165 935 1199 1008 ἃ
1213 957 1279 1030 per
1299 951 1383 1011 ver·-

318 1038 404 1112 bum
421 1036 513 1128 Dei,
540 1057 616 1128 quae
634 1030 684 1108 est
700 1035 817 1130 imago
833 1033 926 1128 Dei,
954 1036 1070 1107 Deum
1091 1037 1168 1127 quis
1186 1038 1297 1112 videt.
1332 1037 1383 1111 Et

317 1137 369 1208 ita
382 1157 507 1208 verum
522 1137 611 1228 erit,
630 1135 728 1226 quod
750 1135 864 1226 dixit,
889 1139 959 1228 Qui
975 1159 1021 1204 me
1035 1137 1143 1222 viler,
1168 1138 1258 1207 uider
1274 1136 1314 1212 (Ἰ
1324 1157 1384 1233 pa-

318 1253 413 1309 trem.
453 1234 510 1307 Ad
525 1235 628 1326 hujus
647 1253 733 1330 ergo
749 1234 909 1329 imaginis
925 1233 1184 1308 similitudinem
1200 1237 1312 1309 homo
1332 1236 1383 1311 sa-

318 1333 394 1408 rsus
411 1331 481 1425 est,
508 1335 751 1424 &propterea
766 1334 934 1406 Salvator
953 1333 1094 1428 noster,
1122 1334 1180 1426 qui
1200 1335 1251 1407 est
1265 1335 1382 1431 imagi)

317 1433 412 1525 Dei,
437 1430 677 1506 misericordia
691 1445 812 1506 motus
829 1453 899 1526 pro
918 1433 1086 1526 homine,
1116 1435 1174 1526 qui
1192 1433 1235 1506 ad
1253 1435 1328 1526 ejus
1344 1435 1384 1508 sr-

319 1533 554 1607 militudinem
576 1523 852 1624 maturuerat,
884 1532 1011 1604 videns
1037 1554 1117 1606 eum
1143 1533 1302 1626 deposrta
1324 1532 1386 1608 sua

296 1643 299 1650 '
316 1633 470 1728 imagine
490 1630 631 1726 maligni
649 1631 836 1726 imaginem
855 1630 1054 1724 induxisse,
1080 1630 1152 1726 ipse
1179 1648 1299 1706 motus
1321 1634 1385 1707 mi·
1424 1695 1429 1706 .

318 1729 533 1822 sericordia‚
560 1730 711 1825 imagine
732 1731 886 1803 hominis
901 1730 1068 1826 assumta,
1094 1732 1198 1804 venit
1218 1731 1260 1804 ad
1281 1753 1385 1825 eum,
1407 1725 1411 1734 ’

320 1830 412 1904 ficut
429 1827 628 1922 Apostolus
646 1830 866 1901 contestatur
882 1830 1020 1903 dicens:
1049 1837 1127 1902 cnm
1147 1837 1183 1902 in
1193 1832 1303 1924 forma
1318 1835 1385 1903 Dii

321 1919 415 2022 iffa,
441 1952 508 1998 uon
528 1934 674 2024 rapinam
691 1930 871 2001 arbitratus
886 1931 926 2027 esi
944 1927 997 2022 effe
1005 1930 1199 2028 J'eaequalrm
1220 1935 1310 2018 Deo,
1330 1931 1386 2020 sed

316 2028 512 2125 semetipsum
529 2034 715 2100 exinanivit
727 2030 868 2122 formam
881 2030 970 2118 servi
986 2036 1139 2127 arripiens
1156 2037 1192 2100 in
1199 2033 1386 2125 finitimar-

319 2151 392 2200 rrsrn
408 2129 569 2200 bominum
578 2125 706 2221 fabius,
732 2125 771 2204 θ’
786 2130 901 2200 halitu
918 2135 1126 2201 inventurus
1143 2133 1250 2219 homo,
1279 2134 1386 2201 humi·

319 2229 421 2301 licvit
446 2233 637 2325 semetipsum
666 2228 758 2325 usque
784 2229 824 2298 ad
849 2246 988 2302 mortem.
1041 2231 1269 2326 Quicumque
1293 2249 1383 2327 ergo

275 2391 284 2404 .
320 2328 478 2400 veniunt
497 2328 541 2400 ad
564 2349 666 2421 eum,
703 2329 983 2401 &rationabilis
1008 2330 1168 2424 imaginis
1193 2331 1385 2423 participes

321 2425 414 2501 effici
431 2424 593 2519 student,
619 2445 684 2520 per
698 2426 900 2520 profestum
916 2426 1013 2501 suum
1032 2425 1223 2502 secundum
1237 2429 1387 2502 interio-

317 2544 398 2601 rem
415 2525 597 2600 hominem
610 2531 835 2599 renovantur
854 2526 1016 2616 quotidie
1032 2527 1076 2598 ad
1090 2528 1277 2623 imaginem
1294 2528 1385 2620 ejus,

273 2687 278 2702 ,
322 2625 384 2717 qui
406 2621 495 2698 fecit
514 2627 602 2698 'eost
636 2626 745 2697 itaut
769 2623 897 2719 polsmt
915 2624 1123 2698 conformes
1148 2628 1295 2719 corpori
1318 2629 1389 2698 cla·

318 2723 438 2797 ritatis
461 2725 536 2817 ejus
562 2720 678 2817 effici,
704 2721 764 2797 sed
787 2720 1022 2814 unusquisque
1047 2744 1117 2816 pro
1141 2725 1278 2796 viribus
1304 2723 1386 2801 suis.

321 2821 495 2915 Apostoli
511 2822 545 2897 se
564 2824 608 2897 ad
627 2825 701 2916 eius
721 2823 982 2897 similitudinem
993 2821 1238 2898 reformarunt
1255 2826 1292 2898 in
1310 2838 1388 2898 tan·

322 2935 424 3015 tum,
444 2935 485 2994 ut
504 2919 576 3015 ipse
597 2923 642 2996 de
664 2923 714 2996 eis
731 2923 890 3014 diceret,
923 2925 1012 2996 [solo
1028 2927 1068 2994 od
1086 2941 1209 3019 patrem
1228 2947 1329 2995 meum
1348 2922 1388 3000 (Ἰ

319 3038 446 3120 patrem
458 3023 606 3119 ossuum,
631 3024 671 3095 ad
685 3028 789 3095 Deum
803 3045 901 3092 meum
915 3021 954 3098 (5
964 3025 1006 3093 ud
1026 3027 1125 3094 Deum
1137 3023 1283 3119 vestrum.
1310 3021 1389 3118 Ipse

318 3127 420 3194 5vero
435 3120 507 3214 jam
526 3123 680 3216 petierat
705 3135 843 3218 patrem
866 3141 935 3214 pro
954 3120 1130 3215 discipulis
1149 3121 1244 3216 suis,
1271 3135 1313 3195 ut
1337 3123 1388 3194 eis

321 3219 516 3294 similitudo
538 3220 681 3315 pristina
698 3221 935 3315 redderetur,
963 3242 1044 3296 cum
1066 3221 1177 3296 dixit:
1209 3227 1304 3294 Pater
1326 3223 1390 3317 da,

311 3317 455 3417 Μαι
475 3346 523 3414 rgo
542 3321 579 3397 Θ
603 3338 640 3391 tu
663 3346 761 3392 unum
772 3322 899 3410 sumus,
933 3325 982 3392 ilo
1002 3321 1039 3396 θ
1060 3323 1110 3418 isli
1130 3328 1167 3392 iu
1186 3322 1274 3392 urbis
1291 3347 1391 3392 unum

318 3419 400 3516 find.
451 3418 598 3515 Semper
625 3440 711 3516 ergo
733 3421 934 3493 intueamur
959 3417 1056 3492 istam
1076 3421 1265 3518 imaginem
1290 3420 1389 3515 Dei,

316 3527 369 3592 -ut
384 3517 548 3611 possrmus
566 3519 609 3591 ad
628 3519 702 3611 ejus
718 3519 976 3608 similitudinem
999 3519 1196 3596 reformari.
1237 3519 1273 3592 si
1296 3521 1392 3594 enim

311 3617 373 3693 'a'd
392 3618 579 3714 imaginem
605 3617 676 3690 Dei
699 3617 810 3691 fastus
832 3619 970 3711 homo,
999 3635 1127 3692 contra
1149 3633 1312 3693 naturam
1339 3620 1391 3692 in·

324 3733 431 3790 tuens
446 3715 634 3814 imaginem
648 3717 781 3791 diaboli
796 3736 862 3813 per
875 3730 1063 3810 peccatum
1078 3717 1194 3792 similis
1211 3719 1286 3810 ejus
1303 3716 1392 3790 effe*

326 3816 403 3891 stus
426 3813 496 3889 est:
523 3817 637 3892 multo
655 3815 763 3913 magis
783 3816 925 3914 intuens
942 3817 1127 3913 imaginem
1147 3819 1239 3909 Dei,
1267 3817 1309 3887 ad
1330 3833 1391 3888 cu-

322 3918 382 4008 jus
404 3915 665 3989 similitudinem
691 3913 803 3990 fastus
829 3913 879 3988 est
901 3937 919 3987 a
940 3913 1050 4008 Deo,
1074 3937 1139 4010 per
1162 3916 1327 3989 Verbum
1355 3913 1391 3989 δι

316 4015 502 4090 ‘virtutem
516 4015 591 4108 ejus
606 4015 756 4109 recipiet
768 4014 922 4190 sprmam
935 4014 1051 4118 illam,
1069 4037 1152 4109 -quae
1169 4016 1250 4090 data
1267 4016 1299 4088 ei
1314 4013 1391 4090 sue⁴

375 4161 377 4166 .
849 4134 871 4190 2
1289 4125 1359 4183 m
