3417 4692
405 423 407 427 ’
457 426 526 543 IN·
549 423 834 506 GENESIM
857 424 1135 546 ttomltlt
1158 425 1226 506 VI.
1301 439 1373 526 203·

317 592 412 666 vinae
427 592 596 684 virtutis,
620 589 679 666 sed
690 591 851 670 nondum
869 589 921 678 est
934 605 1074 684 tempus
1087 613 1106 664 a
1119 593 1242 687 priore
1258 610 1375 685 popu·

315 693 356 766 lo
372 692 518 765 transire
532 690 714 786 adgentes
729 692 875 787 gratiam
890 689 971 768 Dei.
997 690 1034 763 N
1037 712 1091 766 am
1106 685 1146 763 δι’
1154 687 1374 790 Apostolus,

317 790 405 866 licet
423 790 485 865 sub
505 793 572 866 alia
593 788 708 882 specie
724 790 759 863 dt
778 791 845 864 alia
862 787 1000 886 figura,
1026 790 1114 863 dicit
1128 805 1248 866 tamen
1265 794 1376 862 muirt-

319 916 383 963 rcm
397 901 562 984 ciiii-,arom
579 889 633 983 effe
649 891 730 985 legi,
755 892 903 989 quamdiu
918 899 978 963 vir
997 892 1063 984 ejus
1075 897 1177 965 vivit.
1211 893 1252 963 Si
1269 908 1376 963 autem

316 1011 459 1062 mortuus
471 994 579 1083 suerit
597 995 678 1083 vit,
697 990 833 1081 solutam
853 989 909 1081 effi
925 1017 948 1066 a
966 991 1028 1085 lege
1047 993 1140 1079 viri,
1166 1009 1202 1060 ut
1221 996 1292 1089 jam
1308 1014 1376 1063 nm

313 1093 355 1188 fit
374 1092 540 1183 adultera,
557 1090 590 1189 fi
600 1089 711 1185 fucrit
727 1114 797 1161 cum
812 1092 877 1162 alio
889 1095 970 1166 viro.
998 1090 1159 1183 Oportet
1174 1111 1264 1187 ergo
1280 1091 1375 1164 mori
1435 1097 1445 1131 “·

312 1192 415 1288 prins
434 1193 549 1287 legem
572 1193 711 1284 literae,
742 1204 784 1262 ut
805 1190 856 1264 ita
877 1190 1019 1265 demum
1043 1190 1153 1262 libera
1169 1191 1241 1283 iam
1260 1192 1375 1265 anime

261 1297 265 1303 ’
314 1288 451 1388 ¹spiritui
473 1295 606 1382 nubat,
632 1290 773 1366 &novi
801 1287 1000 1364 testamenti
1019 1290 1284 1364 matrimonium
1302 1288 1375 1363 sor-

318 1391 439 1464 tiatur.
489 1392 574 1480 Hoc
593 1407 732 1484 autem,
751 1391 789 1462 in
801 1411 874 1484 quo
893 1410 990 1463 nunc
1003 1388 1141 1483 sumus,
1167 1404 1307 1482 tempus
1325 1388 1377 1463 est

317 1492 525 1585 vocationis
545 1493 729 1586 gentium,
755 1489 933 1562 &mortis
945 1490 1057 1585 legis,
1097 1511 1169 1581 quo
1188 1488 1318 1583 poffint
1336 1489 1377 1562 li·

317 1591 413 1667 berae
429 1591 549 1665 'animae
558 1590 630 1681 jam
646 1586 769 1674 solutae
785 1589 897 1685 alege
910 1590 1000 1674 viri,
1023 1609 1128 1662 novo
1143 1591 1224 1661 viro
1238 1590 1376 1662 nubere

319 1687 473 1764 Christo.
525 1689 636 1787 Quod
651 1688 674 1761 fi
689 1689 833 1761 edoceri
854 1690 932 1780 vis,
954 1690 1140 1780 quomodo
1154 1692 1213 1762 lex
1231 1703 1376 1762 mortua

318 1787 385 1881 stt,
413 1787 597 1862 confidere
615 1788 768 1881 decide,
786 1789 846 1859 ubi
863 1807 959 1860 nunc
979 1785 1170 1882 sacrificitt,
1195 1788 1374 1876 ubinunc

319 1890 449 1980 altare,
475 1889 535 1960 ubi
550 1888 741 1981 tempium,
768 1888 828 1959 ubi
847 1884 1136 1981 purificationes,
1169 1888 1229 1962 ubi
1250 1886 1375 1962 solem·

260 2075 264 2086 Ι
317 1989 410 2064 nitas
423 1986 581 2082 paschae,
608 2008 731 2061 nonne
745 2000 888 2060 mortua
909 1985 1012 2059 estin
1028 1988 1082 2060 his
1104 1988 1267 2062 omnibus
1285 1983 1375 2061 lex?

317 2082 397 2162 Aut
414 2088 438 2159 st
455 2086 598 2179 poliunt
619 2086 673 2159 isti
690 2087 791 2161 amici
813 2082 1067 2161 &defensores
1094 2088 1231 2180 litere,
1258 2085 1375 2160 eusto-

319 2185 418 2258 diant
434 2188 570 2260 literam
595 2187 694 2283 legis.
743 2186 946 2260 Secundum
965 2186 1061 2262 hunc
1085 2207 1173 2285 ergo
1196 2186 1376 2282 allegoriae

301 2321 304 2326 ,
322 2286 506 2376 ordinem,
533 2284 668 2359 Pharao
682 2285 741 2377 qui
755 2285 806 2359 est
819 2286 932 2361 homo
947 2286 1146 2362 immundus
1163 2283 1376 2360 &extermi-

319 2402 449 2477 nator,
465 2384 604 2479 Saram',
630 2385 666 2459 id
682 2383 754 2478 est,
776 2386 953 2476 ¹virtutem
965 2387 1127 2478 accipere
1142 2389 1377 2460 omninonon

319 2499 475 2579 poterat.
527 2484 643 2558 Porro
670 2483 911 2578 Abimelech,
946 2485 1075 2577 idest,
1109 2486 1169 2577 qui
1187 2482 1378 2572 munde&

321 2582 569 2676 philosophice
586 2586 757 2675 vivebat,
778 2599 925 2677 poterat
939 2585 1080 2675 quidem
1095 2585 1279 2677 accipere,
1296 2584 1377 2675 quia

322 2685 360 2757 in
386 2683 497 2757 corde
521 2682 656 2759 mundo
680 2685 881 2777 querebat,
907 2682 965 2768 sed
981 2682 1142 2756 nondum
1161 2697 1301 2780 tempus
1318 2679 1377 2754 ad·

319 2797 484 2858 venerat
530 2782 767 2879 Manet-ergo
783 2784 875 2877 apud
893 2780 1074 2858 Abraham
1091 2783 1228 2874 virtus,
1254 2793 1377 2857 manet
1433 2854 1438 2860 .

322 2884 358 2956 in
377 2883 666 2976 circumcifione,
693 2881 811 2956 donec
827 2898 968 2976 tempus
985 2884 1146 2976 veniat,
1159 2896 1200 2955 ut
1217 2883 1255 2957 in
1276 2880 1394 2962 Chri·-

323 2981 379 3057 sto
396 2982 477 3078 Jesu
492 2981 655 3057 Domino
670 2982 821 3075 nostro,
847 2983 884 3055 in
907 3004 979 3073 quo
1004 2984 1250 3054 habitatomnis
1270 2984 1377 3079 pieni·

323 3084 397 3155 rudo
414 3085 545 3153 deitatis
560 3083 781 3179 corporaliter,
806 3082 945 3180 integra
967 3081 1001 3154 ἃ
1021 3080 1176 3175 perfeita
1197 3082 1313 3156 virtus
1333 3078 1378 3158 ad
1432 3137 1437 3149 ι

322 3178 515 3268 Eccicsmm
537 3183 693 3279 gentium
714 3180 878 3258 transeat.
896 3196 898 3200 ·
919 3179 1048 3282 ‘Tenc
1074 3203 1161 3280 ergo
1188 3181 1222 3255 dc
1248 3180 1385 3267 domun·

323 3280 557 3375 Abimelech,
585 3282 618 3353 dt
639 3282 773 3356 ancillae
787 3283 885 3375 ejus,
912 3302 996 3376 quas
1017 3280 1154 3375 sanavit
1170 3277 1376 3374 Dominu's,
1436 3288 1446 3312 '

284 3445 289 3460 ,
324 3382 463 3474 parient
480 3378 645 3456 Ecclesrae
665 3377 776 3457 iiiios.
826 3381 913 3456 Hoc
934 3381 1029 3456 enim
1045 3398 1185 3475 tempus
1204 3379 1276 3477 est,
1302 3400 1377 3473 quo

323 3477 447 3556 sterilis
472 3483 590 3575 parit,
629 3480 761 3576 &quo
794 3484 891 3553 multi
909 3484 993 3572 sunt
1006 3484 1080 3574 filii
1104 3482 1247 3570 deferta,
1279 3487 1378 3574 mergit

324 3606 416 3678 quam
433 3583 520 3676 ejus,
545 3606 611 3678 quae
628 3580 723 3654 iubet
745 3584 865 3655 virum.
912 3579 1068 3674 Aperuit
1086 3583 1179 3656 enim
1196 3579 1377 3656 Dominud

324 3681 474 3753 vulvam
490 3679 638 3773 sterilis,
664 3678 699 3755 dt
722 3678 849 3754 effodit
869 3677 920 3753 est
937 3679 1114 3773 fecunda,
1140 3682 1191 3754 ita
1205 3696 1247 3753 ut
1265 3680 1380 3778 pariet

324 3794 467 3875 gentem
487 3780 531 3853 de
548 3779 667 3856 semel.¹
714 3778 785 3853 Sed
804 3779 837 3852 &
854 3779 959 3854 sandti
977 3783 1152 3873 clamant,
1180 3779 1214 3852 δι
1235 3779 1378 3857 dicuntr

326 3884 490 3974 Domine,
511 3885 657 3959 crimen
678 3897 732 3952 tuo
749 3884 786 3949 in
802 3897 916 3951 ventre
931 3885 1119 3976 concepimus
1136 3879 1174 3956 (Ἰ
1189 3882 1378 3976 peperimus,

317 3979 471 4073 spiritum
485 3981 598 4058 salutis
612 3996 674 4053 tua
687 3974 819 4073 fecimus
826 3980 922 4078 snper
937 3998 1065 4052 tertam.
1113 3979 1222 4054 Unde
1242 3978 1276 4052 &
1291 3974 1379 4054 Pau'·

324 4080 380 4180 ius
397 4077 551 4168 fimiliter
568 4079 683 4182 dicitz.
701 4082 811 4156 titini
828 4086 909 4172 urci,
933 4106 1008 4184 ques
1018 4086 1133 4156 iterum
1145 4088 1315 4180 parturio,
1330 4083 1385 4152 dt·

1299 4198 1361 4247 m,
1424 4201 1430 4212 t
