3417 4692
265 374 451 528 ‘'gaa-
542 403 1052 492 ,vs-onrorrrrs

248 560 252 572 ’
320 574 401 670 quia
425 570 624 649 immonem
649 569 800 646 Domini
826 571 1027 678 diligentius
1048 570 1269 666 consideret,
1306 587 1385 664 quo

319 676 396 756 hoc
413 674 527 768 ipsum
541 672 697 769 defignat
711 692 793 748 cum
804 671 901 762 ,dicit
919 673 963 747 de
983 673 1158 765 quodam:
1192 676 1264 743 Ecce
1282 697 1386 742 veras

319 776 489 865 Israelita,
515 779 553 844 in
592 796 630 842 aa
646 773 813 845 dolucrim
834 773 893 872 qia
917 772 952 846 ἃ
977 772 1037 846 dat
1059 774 1207 867 intelligi
1231 769 1303 845 eise
1322 773 1386 850 ali·

319 895 415 967 quos
431 893 542 948 veros
557 797 751 965 Israeliten,
777 872 915 968 aliquos
930 873 1004 948 fine
1021 872 1131 946 dubio
1148 893 1225 944 non
1248 892 1384 949 verosa

317 973 461 1072 poterit
479 970 627 1049 fortall'e
649 971 861 1067 spiritalibus
891 969 1057 1067 spiritalia
1084 971 1308 1060 conserens,
1350 972 1385 1048 dr

316 1074 430 1150 novis
446 1089 575 1148 vetera
592 1094 634 1146 ac
652 1073 835 1149 veteribus
854 1093 963 1146 nova.
980 1092 1224 1166 componens,
1251 1069 1385 1163 myste-

318 1175 414 1252 rium
437 1172 590 1272 AEgypti
616 1170 651 1245 dc
677 1173 959 1276 patriarcharum
978 1174 1015 1245 in
1045 1193 1122 1248 eam
1147 1170 1400 1272 descensionis„

318 1275 525 1350 advertere.
574 1271 644 1345 Sed
667 1269 934 1348 &differentias
951 1273 1107 1346 tribuum
1123 1270 1388 1362 contemplabi·

320 1387 411 1468 tur,
443 1388 487 1450 ut
508 1371 699 1463 conjiciat,
731 1372 815 1463 quid
835 1373 1000 1448 eximium
1022 1371 1135 1448 villam
1163 1371 1205 1444 srt
1225 1371 1263 1443 in
1286 1371 1387 1448 tribu

318 1471 443 1566 Levi,
478 1471 576 1569 quod
598 1493 643 1544 ex
667 1494 710 1546 ea
731 1471 936 1550 sacerdotes
960 1470 1108 1548 Domini
1137 1470 1315 1564 eliguntur
1341 1491 1385 1546 ac

318 1571 485 1650 ministri:
511 1570 595 1667 quid
610 1573 716 1658 etiam
732 1574 768 1647 in
787 1572 886 1645 tribu
905 1570 996 1668 Juda
1013 1570 1228 1665 precipuum
1255 1567 1384 1649 Domi.

319 1691 388 1751 nus
412 1669 576 1764 senserit,
602 1671 701 1763 quod
717 1693 763 1747 ex
782 1693 825 1749 ea
843 1691 947 1770 reges
964 1669 1181 1748 assumuntur
1199 1670 1233 1741 dr
1252 1667 1385 1761 princi·

348 1795 404 1850 err
430 1772 464 1846 dt
484 1772 581 1864 quod
601 1771 652 1845 est
665 1774 776 1866 majur
799 1773 979 1865 omniurn,
1004 1769 1103 1864 quod
1119 1790 1166 1843 err
1184 1765 1258 1860 ipsa
1274 1770 1385 1846 etiam

358 1874 498 1948 ominus
520 1871 737 1946 &Salvator
750 1870 873 1951 noster
893 1870 1084 1946 secundum
1105 1887 1248 1941 carnem
1271 1866 1384 1946 nasci·

318 1983 391 2048 tau.
404 1969 552 2049 -Nescro
569 1971 663 2048 enim
679 1971 705 2046 fi
722 1970 966 2067 hujuscemodi
981 1970 1167 2066 privilegia
1180 1968 1222 2040 ad
1236 1968 1384 2046 illorum

318 2073 448 2156 merita
460 2070 648 2150 referenda
665 2071 757 2165 sint,
784 2093 830 2149 ex
851 2090 1004 2162 quorum
1026 2069 1134 2163 stirpe
1158 2087 1293 2145 nornen
1318 2069 1384 2144 vel

319 2171 496 2348 trare
520 2169 990 2368 trutinabant
1001 2166 1129 2348 tritt
1144 2165 1384 2359 lurni

496 2323 510 2364 9
1140 2319 1152 2359 b

277 2444 287 2458 ,
318 2390 455 2448 nomen
470 2368 579 2445 dedit.
631 2369 770 2447 Movet
785 2371 879 2446 enim
892 2391 958 2442 me
975 2368 1012 2442 in
1033 2369 1100 2445 hac
1122 2366 1384 2443 intentione&

317 2469 434 2561 illud,
460 2470 558 2565 quod
572 2470 729 2566 Joannes
752 2471 790 2549 in
814 2468 1031 2562 Apocalypsi
1056 2468 1101 2542 de
1126 2468 1264 2561 populo
1282 2466 1380 2560 hoc,

319 2570 383 2665 qui
400 2568 541 2648 Christo
555 2570 729 2663 credidit,
755 2568 884 2649 scribit.
924 2568 1023 2642 Dicit
1040 2567 1133 2645 enirn
1155 2567 1236 2657 quia
1255 2586 1299 2640 ex
1318 2565 1383 2639 tri·

239 2736 241 2739 .
317 2671 370 2749 bu
385 2669 513 2762 Ruben
530 2671 721 2747 duodecim
737 2670 865 2764 millia,
898 2690 944 2747 ex
956 2669 1054 2743 tribu
1066 2667 1225 2760 Symeon
1243 2665 1381 2739 duode-

318 2773 390 2847 cim
412 2772 545 2862 millia,
571 2771 727 2844 similiter
750 2784 867 2847 autern
892 2770 927 2843 dr
954 2790 999 2841 ex
1021 2766 1161 2863 lingulis
1187 2762 1384 2858 quibusque

284 2885 294 2906 ‘
316 2870 482 2948 tribubus
504 2870 670 2946 duodena
685 2870 814 2964 millia,
841 2889 932 2962 quos
952 2867 1050 2942 simul
1070 2886 1196 2941 omnes
1223 2865 1310 2937 dicit
1332 2863 1381 2940 es·

284 3052 286 3056 ,
316 2969 524 3049 secentum
548 2970 778 3066 quadraginta
804 2982 960 3063 quatuor
981 2966 1118 3058 millia,
1151 2965 1210 3057 qui
1236 2962 1271 3036 se
1298 2985 1381 3041 cum

317 3071 524 3150 mulieribus
553 3089 628 3145 non
656 3068 994 3161 coinquinaverint,
1032 3064 1089 3141 sed
1119 3064 1275 3160 virgines
1300 3086 1382 3157 per·

317 3169 519 3251 manserint.
547 3171 659 3269 Quod
675 3170 799 3261 utique
815 3161 1065 3260 condicitur,
1089 3185 1158 3238 nec
1175 3161 1383 3254 qualiscum-

319 3291 390 3364 que
406 3270 600 3363 veiinepta
609 3268 727 3363 potest
738 3267 807 3345 esse
824 3265 994 3360 suspicio,
1012 3266 1097 3359 quin
1113 3263 1156 3338 ad
1172 3262 1251 3336 istas
1263 3264 1380 3339 tribur

317 3367 521 3468 Judaeorum
536 3372 718 3464 Symeon,
745 3368 902 3454 &Levn
928 3365 1149 3455 &caeteram
1171 3382 1248 3454 que
1266 3364 1311 3437 de
1323 3364 1382 3457 Ja-

320 3470 393 3545 cob
413 3488 523 3568 genus
549 3477 709 3561 ducunt,
736 3467 864 3563 possint
884 3467 1063 3546 revocari.
1115 3461 1175 3538 Ad
1198 3483 1291 3555 quos
1317 3464 1380 3560 igi·

318 3583 379 3644 tur
394 3605 424 3661 ,·
448 3582 565 3664 patres
594 3566 656 3643 iste
685 3587 852 3645 numerus
876 3566 1055 3663 virginum
1075 3561 1284 3640 referendus
1306 3562 1380 3658 sit,

318 3681 392 3747 tam
412 3669 574 3762 aqualis,
607 3685 678 3745 tarn
702 3670 866 3765 integer,
893 3681 1038 3758 tamque
1058 3663 1300 3757 compositus,
1326 3664 1378 3736 ita

262 3799 266 3812 ·
315 3783 359 3848 ut
366 3770 488 3853 ¹trullus
504 3771 619 3845 altero
635 3768 796 3863 superior
811 3777 872 3840 aut
888 3765 1039 3842 inferior
1052 3777 1283 3858 numeretur,·
1305 3784 1375 3862 ego

316 3869 461 3962 quidem
482 3870 651 3965 progredi
671 3869 765 3946 ultra
784 3865 997 3960 inquirendo
1022 3885 1098 3942 non
1122 3864 1238 3937 audeo
1262 3861 1321 3936 sed
1342 3861 1377 3934 dt

264 4061 266 4066 ¹
287 4021 290 4028 -
314 3965 485 4048 hactenus
505 3990 598 4065 pene
619 3989 698 4041 cum
717 3969 837 4058 aliquo
862 3965 1056 4042 discrimine
1076 3963 1219 4040 incedo.
1271 3959 1374 4055 Apo·

260 4066 429 4201 'filiolus
440 4082 559 4148 tamea
573 4066 734 4167 quasdam
747 4066 961 4165 suspiciones
975 4068 1043 4161 hir,
1058 4066 1118 4161 qui
1127 4064 1230 4140 altius
1243 4061 1374 4234 imperi

369 4213 373 4234 ι
895 4205 899 4220 =
1242 4180 1291 4255 po
1310 4203 1323 4216 .
