3417 4692
277 465 283 474 ,
378 370 470 508 »n
696 415 1104 506 ontcnnts

585 624 1008 704 ·HOM1L1A
1056 623 1177 704 VIII.

298 861 301 868 .
454 789 508 863 uo
528 788 1006 888 eo,quodottu1iiabratam
1023 790 1132 884 silium
1151 790 1246 879 stium
1274 789 1365 873 isaac.

383 1009 416 1066 1.
439 1081 441 1086 Ι
505 987 651 1074 dhibcte
668 947 881 1080 huc'auies‚
906 985 1157 1082 quiacceffistis
1173 987 1215 1061 ad
1228 986 1441 1082 Dominum,

531 1091 590 1181 qui
602 1085 726 1167 fideles
741 1087 810 1163 effe
826 1110 897 1164 vos
913 1089 1079 1183 creditis,
1102 1087 1136 1188 dt
1155 1088 1377 1162 confiderate
1391 1089 1442 1161 di·

379 1188 549 1286 ligentiac
575 1189 873 1280 quemadmodum
896 1184 1055 1263 fidelium
1079 1185 1167 1260 fides
1193 1191 1368 1281 probatur
1392 1207 1441 1261 ex

379 1288 459 1381 hit,
487 1307 564 1380 quae
577 1291 728 1362 recitata
749 1285 831 1361 sunt
847 1290 965 1363 nobit.
1015 1287 1064 1362 Et
1073 1286 1201 1379 salium
1220 1289 1276 1382 esi,
1300 1288 1458 1380 inquit,‘

235 1445 238 1458 .
377 1386 441 1487 poli
462 1387 525 1458 lm
546 1387 669 1477 verda,
706 1396 853 1461 tentavit
879 1393 971 1460 Diti
993 1387 1181 1470 Abraham,
1216 1387 1256 1464 0¹
1284 1391 1370 1457 dixit
1392 1392 1440 1457 ei:

268 1492 271 1498 ’
379 1488 563 1578 Abraham,
589 1488 761 1562 Abraham
813 1490 862 1562 Et
879 1491 1048 1562 illedixit:
1074 1489 1223 1579 Ecceego.
1275 1485 1443 1560 Observa

379 1585 537 1699 sanguia,
571 1607 648 1681 quae
671 1587 800 1681 scripta
822 1586 931 1668 sunt·
973 1585 1016 1664 ln
1038 1586 1179 1684 lingulis
1202 1585 1338 1659 enimsi
1360 1586 1441 1678 quis

379 1686 448 1764 scit
462 1688 499 1760 in
517 1687 626 1762 altum
644 1686 797 1780 fodere,
822 1686 989 1762 inueniet
1011 1688 1232 1778 theunium,
1259 1685 1294 1757 dt
1313 1682 1443 1759 fortas·

379 1787 424 1861 sas
448 1788 554 1862 etiam
579 1786 641 1860 ubi
668 1809 745 1861 non
777 1786 1020 1880 existimatur,
1051 1789 1166 1860 latent
1188 1783 1442 1876 mysterinrum

380 1884 545 1980 preciosa
563 1887 722 1961 monilia.
781 1878 917 1961 Abram
941 1886 1141 1960 vocabatur
1162 1886 1221 1957 vir
1236 1883 1300 1956 istc
1318 1888 1440 1978 priua,

380 1983 417 2059 n
442 2005 614 2077 nusquam
640 1987 811 2082 legimus,
838 1985 937 2078 quod
967 1985 1041 2058 hoc
1071 1985 1219 2058 nomine
1244 1986 1442 2058 vocaverit

282 2070 290 2104 “
380 2103 464 2158 cum
483 2083 609 2178 Deus,
646 2083 707 2159 aut
729 2086 860 2159 dixerit
880 2087 941 2180 ei,
966 2083 1123 2176 Abram,
1149 2085 1297 2158 Abram.
1348 2082 1442 2156 Non

379 2184 475 2258 enim
491 2206 511 2256 a
528 2183 611 2258 Deo
630 2187 756 2258 vocari
772 2198 919 2278 poterat
931 2185 1077 2258 nomine
1092 2184 1268 2273 delendo,
1295 2182 1352 2254 sed
1373 2202 1441 2254 vo·

379 2297 537 2358 cattum
553 2284 627 2358 hoc
641 2285 814 2377 nomine,
841 2284 940 2376 quod
956 2281 1028 2376 ipse
1045 2283 1222 2373 donavit,
1244 2282 1277 2354 ἃ
1293 2302 1372 2354 non
1383 2279 1442 2355 so·

235 2426 238 2432 -
377 2381 452 2458 lum
467 2396 579 2456 vocat
594 2406 675 2458 eum
691 2385 764 2458 hoc
779 2385 951 2477 nomine,
978 2377 1035 2456 sed
1047 2385 1081 2456 ἃ
1093 2382 1296 2480 ingeminat.
1335 2379 1444 2456 Cum·

379 2502 451 2576 que
468 2482 531 2556 ille
552 2482 811 2577 respondiffet:
840 2485 918 2556 Ecce
931 2508 1004 2577 ego,
1029 2482 1118 2555 dicit
1139 2482 1301 2556 adeum:
1331 2488 1441 2577 Accipe

369 2581 483 2676 filium
493 2599 583 2656 tuum
593 2583 809 2674 chariffimum
820 2635 831 2671 ,
843 2607 935 2682 quini
950 2586 1054 2676 diligis
1068 2584 1168 2671 Isaac,
1184 2580 1224 2656 (Ἰ
1236 2581 1341 2673 offerti
1356 2584 1442 2652 milti
1478 2577 1484 2596 ¹

379 2707 459 2756 cnm.
518 2686 622 2771 Vale,
649 2684 785 2775 inquit,
814 2689 992 2756 interram
1014 2683 1185 2772 excelsam,
1210 2685 1250 2758 U
1270 2681 1315 2749 ibi
1332 2682 1442 2773 offeres

345 2857 350 2864 ,
378 2807 449 2852 cum
470 2784 673 2878 holocaustum
692 2788 730 2854 in
755 2809 819 2856 unt
833 2810 873 2856 ex
887 2783 1068 2866 mantibus,
1091 2807 1184 2880 quem
1196 2783 1348 2876 ostendero
1368 2783 1441 2853 iili.
1462 2805 1465 2810 ·

378 2878 687 2978 Nomenquidem
709 2903 774 2955 cur
789 2885 821 2956 ei
838 2883 1030 2955 donaverit
1044 2882 1168 2974 Dein,
1193 2881 1227 2953 dt
1245 2882 1443 2952 vocaverit

378 3002 461 3055 eum
484 2978 694 3076 Abraham,
716 2982 789 3073 ipse
811 2984 1064 3074 interpretatus
1088 2979 1163 3071 est,
1194 2987 1269 3077 qaia
1295 2999 1442 3074 patrem,

377 3080 517 3172 inquit,
544 3083 716 3154 multarum
725 3087 871 3174 gentium
886 3083 1028 3175 poscite.
1080 3081 1184 3153 Hanc
1203 3077 1441 3174 repromiffin·

262 3239 264 3244 .
377 3201 461 3254 nem
482 3180 580 3253 dedit
597 3182 630 3253 ei
650 3182 769 3273 Deus,
797 3200 878 3256 cum
894 3175 1169 3254 habentinam
1185 3177 1354 3262 ismahel,
1381 3175 1444 3251 sed

378 3276 564 3371 pollicitus
575 3279 626 3353 est
636 3282 670 3352 ei
678 3334 692 3372 ‚
720 3281 801 3372 quia
815 3281 852 3353 in
863 3276 967 3374 filio,
993 3279 1053 3373 qui
1068 3279 1272 3351 nasceretur
1283 3274 1443 3370 casata,

379 3378 622 3471 complebitur
638 3379 702 3453 ista
719 3378 911 3472 promiffiu.
937 3377 1169 3452 Accenderat
1180 3397 1269 3474 ergo
1284 3369 1443 3452 an‘imum

376 3475 483 3564 ipsius
503 3475 542 3548 in
558 3499 715 3551 amorem
734 3476 817 3570 filii,
843 3497 921 3551 nnn
938 3476 1051 3554 solum
1070 3477 1289 3571 posteritatis
1309 3477 1443 3572 gratia,

376 3569 437 3648 sed
454 3575 766 3667 &promiffionum
778 3574 854 3672 spe.¹
901 3575 971 3651 Scd
987 3579 1102 3668 hunc,
1124 3578 1158 3648 in
1178 3596 1250 3666 quo
1270 3575 1302 3646 ei
1318 3575 1444 3670 posstae

377 3672 460 3747 sunt
476 3674 721 3766 promiffiones
740 3695 875 3773 magnac
895 3676 1019 3751 ista&
1042 3676 1243 3767 mirabiles,
1269 3675 1364 3746 hunc
1388 3676 1443 3746 in·

378 3794 482 3864 quam
497 3769 621 3868 filium,
634 3779 668 3849 in
681 3796 755 3867 qno
771 3788 945 3849 vocatum
957 3775 1149 3849 estnnmen
1162 3773 1442 3867 ejusdbraham,

376 3871 627 3949 holocaustum
645 3876 807 3948 Domino
820 3876 969 3967 jubetur
985 3873 1121 3950 offerre
1138 3876 1177 3948 in
1192 3893 1268 3947 unu
1282 3893 1327 3946 ex
1341 3891 1444 3947 mon·

375 3971 486 4044 tibus.
540 3973 636 4069 Quid
651 3986 692 4045 tu
712 3971 871 4065 adhaec,
890 3996 924 4055 ,ο
939 3971 1147 4048 Abraham?
1172 3972 1307 4069 Quae&
1321 3973 1444 4063 quale't

372 4069 620 4174 cagitationes
635 4086 835 4150 movantur
848 4073 1011 4163 iucunde
1023 4071 1119 4155 tuni
1141 4067 1289 4148 Prolata
1281 4070 1353 4244 Dest
1362 4089 1444 4144 vox

493 4215 499 4226 ·
604 4204 607 4209 ·
948 4213 952 4224 ·
1245 4189 1272 4246 t
1320 4191 1391 4264 to,
