3417 4692
370 371 520 534 μοι’
698 429 1105 512 orreum-rs
1196 509 1199 514 ,

372 622 443 699 pro
461 597 537 694 ipso
553 595 743 674 Abraham.
796 595 934 690 Etnon
951 597 1065 684 solum
1086 597 1223 694 ipsum,
1248 595 1308 672 sed
1329 598 1440 672 &an-

373 704 472 774 cillas
488 700 563 791 ejus
578 695 684 774 sanat.
711 699 808 796 Quid
825 713 942 773 autem
958 699 1030 792 est,
1055 699 1153 792 quod
1168 699 1338 793 adjecerit
1357 697 1440 776 scri·

372 818 504 900 ptura,
531 797 568 875 (5
589 803 770 887 Dominus,
796 800 946 894 inquit„
965 825 1031 870 mn
1047 801 1184 898 permfir
1204 809 1234 870 σι’
1257 806 1438 892 contingere

371 895 489 980 illul?
522 898 559 972 Si
584 899 728 973 virtutis
758 898 912 974 formam
928 912 1040 984 ,tenet
1066 899 1175 992 Sara,
1202 898 1236 972 dt
1262 900 1299 974 in
1323 898 1437 972 corde

368 999 510 1082 mundo
536 998 749 1072 Abimelech
774 1000 896 1072 voluit
922 1001 1086 1096 accipere
1111 1001 1317 1089 virtutem,
1351 998 1437 1090 quid

373 1097 438 1188 est,
456 1099 552 1190 quod
563 1099 705 1190 dicitur,
718 1099 799 1192 quia
814 1100 992 1172 Dominus
1006 1100 1338 1193 nonpermisrteum
1348 1118 1436 1172 con·

372 1200 512 1296 tingere
538 1197 663 1270 illam?
701 1197 913 1274 Abimelech
934 1202 1191 1293 interpretatur
1213 1211 1314 1292 pater
1334 1218 1448 1290 meua·

370 1319 449 1388 rex.
499 1295 549 1369 Et
559 1299 703 1369 videtur
720 1319 808 1392 ergo
820 1299 929 1393 milri,
946 1299 1045 1391 quod
1062 1301 1118 1373 hic
1134 1297 1346 1372 Abimelech
1362 1295 1438 1370 for·

369 1420 464 1484 mam
482 1411 605 1470 teneat
619 1396 902 1472 studiosorum&
917 1399 1111 1492 sapientum
1127 1399 1256 1491 saeculi,
1283 1398 1342 1490 qui
1358 1395 1437 1490 phi-

370 1496 543 1594 losophiae
565 1518 712 1588 operam
730 1499 883 1592 dantes,
915 1499 1002 1573 licet
1020 1520 1097 1572 non
1113 1500 1284 1596 integram
1304 1496 1338 1568 de
1355 1515 1436 1588 per-

370 1596 498 1686 fenam
523 1599 679 1691 regulam
707 1600 849 1690 pietatis
876 1599 1083 1696 attigerint,
1109 1613 1227 1672 tamen
1253 1595 1436 1671 senserunt

370 1689 493 1770 Deum
507 1696 696 1790 patrem&
718 1719 839 1794 regern
854 1697 922 1772 elle
941 1699 1123 1791 omnium,
1148 1695 1271 1788 idest,
1299 1697 1359 1787 qui
1377 1716 1438 1790 ge·

366 1798 512 1889 puerit,
540 1796 689 1891 &regat
706 1797 882 1872 universa.
917 1797 975 1871 lsti
991 1817 1079 1894 ergo
1096 1813 1266 1890 quantum
1282 1797 1325 1869 ad
1345 1796 1436 1868 ethi-

349 1883 475 1988 ¹cam,
501 1895 637 1987 idest,
663 1898 834 1969 moralem
852 1890 1125 1993 'philosophiam
1149 1895 1300 1989 spedat‚
1327 1895 1435 1968 etiam

366 1995 516 2090 puritati
542 1995 834 2089 cordis'operam
860 1995 991 2070 dediffe
1018 1997 1238 2089 aliquatenus
1266 2013 1433 2088 compro·

368 2093 524 2188 bantur,
551 2094 700 2168 &omni
716 2097 857 2187 animo,
885 2098 1054 2188 omnique
1074 2097 1190 2170 studio
1215 2096 1344 2168 divinae
1364 2095 1436 2166 vir-

369 2195 440 2268 tuti
456 2190 723 2289 inspirationem
744 2194 919 2286 quaesrilie.
971 2195 1042 2270 Sed
1065 2196 1158 2270 hanc
1178 2216 1256 2270 non
1277 2191 1435 2287 permisrt

284 2343 290 2350 -
367 2289 472 2392 Deus
487 2293 699 2390 contingere
714 2316 791 2369 eos.
817 2296 905 2370 Haec
919 2296 1014 2370 enirn
1029 2298 1140 2392 gratia
1153 2317 1229 2370 non
1242 2313 1307 2388 per
1319 2293 1434 2365 Abra-

367 2390 471 2483 ham,
498 2396 556 2484 qui
574 2398 734 2485 quamvis
750 2392 835 2468 ellet
849 2417 1015 2492 magnus,
1041 2395 1191 2470 famulus
1205 2410 1325 2466 tamen
1340 2406 1432 2483 erat,

366 2490 429 2572 sed
446 2513 511 2589 per
534 2492 711 2570 Christum
730 2497 894 2590 gentibus
920 2496 1123 2589 parabatur.
1173 2493 1315 2570 Idcirco
1341 2511 1433 2586 ergo

368 2593 531 2686 quamvis
549 2592 731 2668 festinaret
754 2595 934 2672 Abraham
960 2616 1025 2689 per
1046 2591 1080 2669 se
1101 2594 1135 2668 dr
1155 2595 1192 2667 in
1209 2593 1243 2667 se
1264 2591 1350 2666 illud
1368 2592 1432 2666 irn-

368 2692 484 2790 pleri,
510 2694 609 2785 quod
625 2694 669 2768 ad
685 2716 766 2769 eum
784 2692 914 2770 ditium
932 2693 997 2789 est,
1024 2696 1191 2789 quoniam
1211 2694 1433 2765 benedicentur

367 2798 406 2862 in
423 2810 453 2862 te
470 2819 569 2864 omnes
585 2814 710 2888 gemes:
737 2796 905 2867 tamenin
922 2793 1015 2866 isaac
1032 2794 1064 2867 ei
1081 2794 1230 2889 ponitur
1243 2789 1433 2886 repromis-

364 2891 441 2984 tio,
467 2891 590 2986 idest,
617 2895 653 2965 in
673 2893 841 2966 Christo:
868 2893 957 2968 ficut
974 2894 1062 2967 dicit
1085 2891 1311 2990 Apostolus:
1348 2895 1431 2964 Non

366 2994 452 3064 lixit
471 2992 510 3069 ὕ
521 2994 690 3084 seminibus
709 2996 796 3091 quast
811 3000 847 3064 in
866 2996 994 3080 multis,
1013 2995 1068 3080 sed
1085 3012 1237 3091 tanqum
1257 2997 1294 3062 in
1312 3015 1375 3062 nato
1390 2990 1429 3067 (Ἰ

271 3117 281 3136 ’
359 3093 575 3182 feminino,
610 3099 665 3190 qui
690 3094 730 3190 esi
754 3095 912 3190 chrislus.
971 3094 1080 3167 Sanat
1105 3107 1224 3167 tamen
1249 3091 1428 3168 Dominus

364 3187 605 3287 Abimelech‚
633 3195 667 3266 dt
687 3215 837 3267 uxorem
856 3196 955 3286 ejus,
982 3194 1016 3266 dt
1036 3196 1179 3266 ancillas
1197 3193 1285 3286 ejus.

444 3312 476 3382 3.
505 3294 641 3365 Verum
659 3316 735 3365 non
752 3294 834 3368 mihi
859 3295 1003 3368 videtur
1022 3291 1200 3374 otiosum.
1228 3289 1327 3384 quod
1350 3311 1428 3364 non

366 3385 481 3465 solum
506 3393 655 3485 uxoris,
682 3392 740 3466 sed
766 3394 1027 3468 &ancillarum
1050 3392 1263 3467 Abimelech
1287 3392 1426 3464 mentio

365 3487 458 3565 satia
472 3489 543 3581 est,
569 3491 605 3563 in
623 3514 669 3564 eo
687 3495 862 3584 maxime,
888 3494 986 3585 quod
999 3493 1106 3586 dicit,
1132 3492 1359 3586 quinsanaor'r
1376 3515 1429 3560 eas

367 3592 476 3676 Deus,
503 3588 541 3667 (5
557 3595 737 3686 pariebant.
791 3593 986 3680 concluserat
1003 3598 1088 3665 enim
1104 3593 1191 3677 idas,
1211 3617 1251 3662 ne
1261 3608 1425 3688 pararent.

367 3691 552 3789 Quantum
576 3689 758 3787 poliumus
782 3694 818 3766 in
841 3705 914 3766 tam
935 3691 1132 3767 difficilibus
1155 3692 1245 3765 locis
1275 3688 1425 3783 sentire,

366 3806 531 3886 putamus
554 3813 707 3866 uxorem
728 3792 941 3868 Abimelech
970 3794 1164 3866 naturalem
1188 3788 1286 3883 polle
1310 3790 1427 3883 philo·

297 3969 298 3976 ἵ
365 3887 525 3982 sophiam
553 3892 646 3978 dici;
682 3892 825 3976 ancillas
853 3912 947 3964 vero
979 3892 1081 3982 ejus,
1116 3889 1255 3963 diversa
1278 3890 1427 3962 &vana

296 4003 300 4078 f
363 4007 434 4084 pro
449 3990 619 4081 qualitate
635 3989 802 4065 sedarum
823 4006 1028 4067 commenta
1051 3990 1251 4065 dialedlicae.
1285 3988 1428 4064 Interea

354 4086 543 4194 Abraham
566 4092 742 4188 impertiri
769 4094 871 4190 cupit
892 4094 1000 4170 etiam
1025 4090 1190 4191 gentibus
1217 4090 1355 4203 donum
1377 4088 1427 4164 di·

296 4205 311 4225 ι
1287 4209 1385 4259 urna
