3417 4692
498 371 782 475 seluern
807 396 875 490 nu
901 395 1193 478 onuasmt
1311 421 1386 492 ως

318 568 412 655 ruod,
428 560 518 636 Non
540 559 591 635 est
604 560 787 655 augurium
801 560 839 634 in
859 558 973 653 Jacob
987 583 1010 651 ςι
1026 557 1149 635 Laban
1174 576 1293 639 autem
1308 567 1381 660 ait,-

317 661 534 755 augurrbor,
556 677 722 749 tanquam
750 661 886 732 alienus
913 661 956 733 ab
982 660 1110 753 Jacobi
1134 662 1327 758 instituto,
1361 688 1383 740 a

317 783 392 853 quo
408 782 484 834 non
498 762 648 834 omnino
665 772 783 834 tamen
797 760 931 832 alienus
947 774 1046 852 erat,
1073 763 1204 856 quippe
1220 766 1280 855 qui
1293 765 1382 840 voci

316 861 458 954 augurab
454 886 513 950 or,
539 858 737 936 addiderit.
762 863 937 932 Bmedixit
956 864 1041 964 enitp
1061 863 1144 930 midi
1160 868 1251 936 Deus
1271 877 1308 935 m
1328 890 1385 937 an·

313 958 420 1057 greffir
435 978 501 1033 ruo.

389 1059 696 1157 Sumfit'autemfibi
717 1060 817 1156 Jacob
829 1049 1154 1158 virgamssyracinarn
1166 1064 1316 1148 viridem,
1342 1062 1383 1140 (5

317 1166 491 1247 nucinam,
517 1161 561 1238 a.
570 1161 728 1255 platani]
758 1159 849 1235 fres
871 1162 982 1256 virga
1003 1159 1200 1252 symbolice
1222 1165 1284 1237 vel
1307 1177 1382 1238 tres

317 1262 476 1334 virtutes
503 1262 625 1333 animae
653 1258 759 1352 sunt,
790 1260 887 1332 ratio
915 1282 1070 1353 nempe,
1096 1259 1175 1353 ira,
1197 1262 1386 1354 concupis·

320 1362 461 1434 centia:
487 1362 549 1434 vel
576 1360 707 1452 triplex
733 1361 996 1451 contemplatio
1024 1378 1239 1454 corporum,
1264 1365 1387 1435 incor-

316 1480 549 1553 poreorum,
582 1456 705 1531 sanilae
729 1457 940 1533 Trinitatis:
978 1461 1040 1532 vel
1066 1462 1262 1553 generatim
1290 1462 1416 1535 artior

318 1579 385 1654 per
399 1561 586 1650 nucinam,
614 1558 876 1650 contemplatio
892 1556 1204 1652 perstyracinam‚
1230 1563 1385 1635 mundus

320 1672 442 1732 autem
462 1658 526 1731 iste
546 1658 580 1729 ἃ
597 1659 881 1750 contemplatio,
914 1658 990 1749 ejus
1017 1678 1082 1748 per
1107 1662 1288 1750 platanum
1308 1660 1387 1734 sub·

322 1758 476 1831 obscure
495 1757 730 1853 designantur.
784 1757 897 1849 Quod
917 1756 1033 1828 viride
1057 1756 1134 1848 ejus
1157 1757 1386 1854 distrahitur,

321 1858 359 1930 id
376 1857 730 1938 abrenunciationem
742 1856 865 1929 mundi
879 1853 1070 1951 significat,
1098 1855 1295 1932 &actionis
1311 1861 1388 1953 qui-.

320 1958 403 2029 dem
414 1956 553 2069 uiride,
580 1954 631 2027 est
645 1955 844 2044 mollities3
864 1955 1181 2047 contemplationis
1196 1973 1315 2031 autem
1334 1961 1389 2032 vi·

321 2058 399 2128 ride
419 2056 490 2147 est,
518 2057 613 2126 circa
630 2075 787 2145 corpora
804 2054 951 2129 versari.
985 2055 1113 2129 Viride
1129 2076 1222 2131 vero
1237 2059 1387 2135 duarum

322 2159 469 2229 aliarum
485 2154 750 2249 expositionum
768 2155 919 2245 inquire.

403 2261 501 2326 Dixit
513 2272 620 2325 aurem
640 2261 799 2325 [lominus
815 2256 855 2324 ad
873 2254 1000 2350 Jacob·
1027 2259 1197 2327 Revertere
1213 2260 1252 2329 ia
1268 2274 1392 2329 terrain-

320 2358 529 2453 patriciaci,
566 2353 643 2430 (τ’
630 2379 667 2424 m
696 2358 930 2447 generationem
955 2372 1070 2441 tuam,
1109 2354 1148 2430 (5
1175 2380 1227 2428 ero
1257 2360 1388 2450 recum]

326 2456 485 2570 Quando
505 2454 638 2527 fructus
658 2456 743 2525 tulit
761 2455 876 2549 Jacob
900 2453 934 2525 ἃ
956 2454 1059 2527 dives
1082 2454 1195 2527 evasit
1214 2471 1317 2532 extra
1330 2478 1391 2552 ge-

324 2557 552 2628 nerationem
568 2552 691 2670 suam3
721 2568 810 2625 tunc
827 2552 917 2624 dixit
942 2575 976 2626 er
966 2553 1192 2628 Dominus.
1217 2559 1391 2628 Reaerrere

326 2660 499 2724 interram
515 2657 623 2749 patris
638 2656 702 2730 rui
753 2651 874 2723 Simile
899 2651 1076 2743 quidpiam
1094 2675 1114 2725 a
1132 2652 1296 2728 Domino
1320 2656 1394 2728 dici

324 2753 523 2846 putandum
538 2750 610 2842 est,
637 2773 718 2824 cum
741 2752 779 2824 in
802 2751 901 2822 exitu
924 2749 1119 2843 fuerimus,
1149 2752 1327 2826 reversuri
1346 2751 1393 2828 ad

325 2869 448 2946 patres
475 2851 633 2925 nostros.
682 2849 867 2923 Praemium
894 2863 1014 2922 autem
1043 2850 1105 2922 dat
1128 2856 1328 2926 revertenti
1352 2854 1393 2927 in

325 2965 458 3024 terram
474 2950 669 3043 patrissui,
696 2948 731 3020 &
745 2951 780 3021 in
797 2949 1067 3043 generatIonem
1081 2948 1186 3027 suam.
1219 2949 1393 3025 Arbitror

327 3067 449 3124 autem
463 3048 644 3124 insomnis
661 3046 855 3142 apparuille
872 3050 906 3126 ei
920 3048 1133 3123 Dominum.
1391 3075 1398 3108 ν

408 3251 501 3320 Pater
514 3263 619 3319 autem
636 3247 736 3345 vester
747 3251 960 3320 circumvenit
977 3272 1044 3332 me,
1069 3244 1109 3322 (5
1123 3251 1267 3320 mutauit
1283 3273 1395 3321 merce·

327 3348 396 3417 dem
413 3374 508 3420 meam
528 3351 625 3419 decem
639 3350 760 3441 agnis]
795 3345 926 3440 Aquila
946 3348 1070 3420 decem
1092 3368 1263 3420 numeros
1280 3348 1396 3438 dixit,

327 3449 585 3618 {zummachum
613 3449 731 3521 decies
748 3468 913 3523 munero.
961 3446 1145 3518 Dicebat
1134 3447 1264 3542 igitur,
1288 3464 1331 3519 ut
1345 3449 1396 3521 ait

370 3549 527 3640 ebraeus,
554 3547 673 3620 decies
696 3546 795 3640 pana
809 3545 929 3640 cum]
908 3545 1023 3640 Jacob
1044 3546 1133 3618 inita
1152 3547 1310 3620 violavit
1327 3548 1396 3620 La-

327 3649 416 3719 ban:
444 3650 524 3738 quia
542 3666 619 3738 quae
635 3644 922 3739 nomineJacobi
934 3643 1191 3742 gignebantur,
1213 3649 1397 3742 quamplu

326 3750 417 3817 rima
433 3760 560 3837 erant,
586 3748 696 3817 itaut
715 3745 775 3818 ille
789 3745 925 3818 invidia
941 3757 1174 3818 moveretur:
1200 3746 1299 3836 quod
1318 3745 1398 3818 duae
1422 3741 1426 3748 '

330 3847 512 3917 editiones
533 3845 741 3929 declarant:
775 3847 823 3916 Er
842 3845 981 3940 decepisti
1003 3845 1164 3916 rnercedem
1180 3868 1278 3916 meam
1302 3846 1400 3916 ἀιειω

330 3971 442 4035 agnas.
469 3944 774 4041 Agnorumver0‚
794 3964 886 4035 qnos
903 3943 987 4017 dare
999 3943 1087 4018 mihi
1099 3941 1311 4036 promiserat
1322 3944 1402 4018 nul·

332 4049 366 4117 la
377 4046 515 4118 mentio
527 4043 596 4137 est,
621 4066 738 4136 neque
750 4058 918 4218 appgret,
935 4066 1017 4120 eum
1032 4043 1108 4116 haec
1125 4063 1281 4136 uuquam
1296 4043 1409 4135 poili·-

792 4157 794 4162 '
859 4167 889 4238 ς
1251 4143 1378 4218 utum
