3417 4692
242 318 245 324 ⁵
310 341 313 348 ’
364 337 1253 492 rnnxonuroco'nnrnnraarn.
1280 391 1350 467 321
1432 325 1436 338 ’

288 536 324 609 dt
348 535 523 625 minatur,
549 531 612 607 nisa
636 528 820 617 dimiserit,
845 507 1116 609 intersedidrum
1138 530 1250 608 filium
1273 536 1351 627 ejut'

290 632 595 729 primogenitum?
623 631 659 704 Si
685 635 780 706 enim
803 653 1001 729 urgeanrrr,
1029 656 1109 708 eum
1134 636 1264 706 malum
1281 633 1352 708 effe

287 734 510 809 fatebuntur.
561 731 694 806 Rursus
720 733 848 807 deinde
873 735 940 806 alia
965 734 1047 805 illos
1073 733 1156 808 inde
1183 746 1352 807 avertent

290 834 326 907 dr
352 854 398 906 eo
418 833 614 924 adducent,
639 849 681 906 ut
706 854 783 905 non
798 832 901 905 nudae
927 832 1073 905 didioni
1093 831 1351 927 adhaerescant,

289 955 367 1026 quae
391 930 548 1025 ipsorum
578 929 753 1005 sententia
785 929 925 1025 opificis
956 931 1122 1024 justitiam
1149 934 1243 1005 tueri
1274 954 1353 1009 non

287 1030 418 1127 potest.
470 1030 640 1121 Denique
661 1032 691 1106 fi·
712 1030 818 1107 semel
851 1034 948 1104 nunc
976 1030 1089 1104 coatii
1115 1031 1249 1103 fuerint
1274 1034 1352 1113 hae

289 1131 518 1225 expendere,
557 1153 602 1203 eo
637 1133 874 1227 pervenient,
905 1145 946 1202 ut
971 1152 1048 1204 non
1073 1131 1221 1223 amplius
1248 1129 1355 1223 opifi-

238 1276 242 1281 -
287 1253 367 1304 cern
393 1233 629 1324 vituperent,
663 1230 722 1304 sed
756 1230 867 1322 ipsum
892 1234 1030 1304 bonurn
1044 1300 1047 1305 ,
1062 1219 1132 1314 effe
1161 1227 1350 1307 affirment.

287 1330 387 1426 Ergo
412 1329 790 1430 interrogandi'sunt,
824 1331 884 1421 qui
908 1329 950 1402 se·
965 1329 1002 1401 id
1027 1342 1155 1424 putant
1177 1330 1353 1425 intellige·

286 1449 352 1503 re:
391 1433 562 1501 induravit
591 1436 750 1500 Dominus
778 1434 867 1500 Deus
892 1454 944 1500 cor
973 1430 1172 1514 Pharaonis,
1205 1451 1248 1500 an
1274 1431 1353 1501 haec

287 1549 378 1602 vere
404 1551 424 1601 a
448 1529 534 1602 Deo
560 1529 629 1601 diei
653 1550 719 1623 per
742 1528 876 1602 Mosen
901 1530 1027 1602 divino
1054 1528 1177 1621 spiritu
1195 1527 1352 1605 afflatum

287 1652 333 1702 an
359 1627 465 1722 false,
502 1641 644 1723 putent.
693 1630 730 1702 Si
756 1630 851 1703 enirn
875 1626 989 1716 false3
1021 1649 1138 1719 neque
1161 1625 1274 1718 justus
1298 1630 1353 1721 ip·

286 1728 407 1804 sorum
440 1730 643 1821 opinione,
679 1750 798 1821 neque
829 1748 938 1802 verus
973 1727 1042 1800 erit
1066 1727 1194 1801 Deus:
1217 1748 1352 1817 ¹neque

285 1823 381 1901 vero
407 1828 519 1903 Deus.
571 1826 632 1900 Sin
648 1834 778 1900 'autem
801 1847 918 1914 vere3
962 1827 1125 1923 cogitent
1156 1820 1244 1899 n'um
1268 1847 1353 1903 eum

285 1943 330 2001 ut
361 1927 512 2001 arbitrio
543 1928 662 2002 libero
701 1927 888 2020 preditum
920 1925 1161 2018 reprehendat
1196 1924 1353 1999 dicens:

286 2029 381 2125 Aust
404 2031 483 2099 mn'
498 2030 552 2096 vis
575 2052 644 2098 oum
668 2029 854 2099 dimittere:
887 2024 922 2098 ἂ
953 2027 1054 2100 alibi:
1087 2024 1253 2121 Quousque
1285 2049 1353 2098 uon

284 2132 503 2205 oirreoereri
527 2132 592 2197 me?
617 2126 708 2200 Illud
729 2128 841 2202 eninr:
866 2127 1037 2221 Quousque
1060 2150 1128 2196 nou
1150 2129 1204 2195 vis
1228 2119 1352 2196 revere-
1476 2162 1479 2176 =

284 2235 318 2301 oi
342 2223 423 2300 mei
457 2224 636 2300 Pharaoni
661 2225 822 2318 dicitur,
867 2225 912 2298 ad
937 2245 1019 2300 eum
1052 2225 1194 2318 pudore
1219 2223 1352 2298 suffun-

283 2327 465 2418 dendum,
504 2328 564 2417 qui
589 2346 666 2399 non
690 2338 910 2414 vereretur;
943 2345 1021 2397 non
1046 2322 1145 2415 quod
1170 2346 1253 2398 non⁴
1271 2320 1353 2417 pos-

282 2426 364 2520 set,
404 2423 464 2499 sed
498 2421 597 2517 quod
628 2426 755 2498 nollet.
813 2421 864 2502 Et
897 2424 997 2515 quod
1031 2422 1161 2497 dicitur
1193 2446 1214 2494 a
1244 2421 1353 2497 Mose

247 2514 251 2526 ¹
285 2525 480 2602 Pharaoni:
513 2528 558 2596 Ut
574 2525 748 2616 cognoscas,
772 2527 851 2622 quio
868 2526 1004 2594 Domini
1028 2521 1069 2620 esi
1094 2540 1199 2616 torro,
1226 2527 1266 2598 (Ξῖ
1293 2506 1352 2617 ru,¹

283 2628 324 2705 θ
343 2626 466 2719 famuli
491 2629 564 2711 rui,
583 2624 666 2713 scio,
690 2626 768 2721 quia
792 2646 960 2720 uunquam
985 2621 1134 2718 timuiJiir
1160 2625 1353 2702 Dominum,

286 2720 460 2824 fignificat
489 2723 570 2797 fore
595 2737 638 2796 ut
662 2722 841 2816 timeant,
881 2719 981 2814 quod
1007 2720 1149 2813 quidem
1180 2717 1351 2806 adversus

287 2826 478 2901 hereticos
502 2824 635 2918 probat
665 2822 786 2898 Deum
810 2820 881 2898 effe
913 2822 1083 2915 bonum,
1121 2819 1154 2896 tr
1178 2841 1257 2896 non
1281 2815 1352 2904 eise
1457 2882 1460 2886 ,

287 2939 501 3021 pereuntem
523 2937 697 2998 naturam.
