3417 4692
441 441 813 530 INGENESIM
836 439 1118 524 HOMILIA
1143 439 1210 523 IV.
1289 449 1359 540 185

301 609 343 682 iis
360 607 430 696 suis
451 607 615 678 Abraham
632 608 740 689 vidit,
775 604 976 684 &accurres
996 610 1067 677 viri
1089 608 1287 702 supereum,
1321 605 1362 682 U

300 714 383 779 exiit
401 713 438 777 in
454 709 603 796 occursum
628 712 691 794 eis,
718 705 784 787 διο.
837 705 1072 780 Conferamus
1091 707 1286 801 primo„s1
1306 707 1361 778 vi·

301 808 436 901 detur,
471 808 563 883 hanc
585 807 755 883 visionem
786 808 980 899 tonilla,
1021 827 1097 898 quae
1120 805 1211 883 faur
1236 805 1286 880 est
1315 803 1361 878 ad

299 905 411 984 Loth.
461 905 553 992 Tres
569 908 639 979 viri
652 907 805 985 veniunt
819 906 862 978 ad
878 903 1075 999 Abraham,
1104 906 1243 980 &stant
1256 907 1359 998 super

301 1027 401 1078 eumz
425 1006 468 1079 ad
485 1007 585 1084 Loth
603 1005 675 1079 dno
698 1009 869 1098 veniunt,
896 1005 1068 1084 &sedent
1083 1007 1121 1080 in
1139 1009 1267 1098 platea.
1294 1007 1362 1078 Vi·

300 1105 345 1178 de
364 1106 388 1182 st
406 1127 482 1182 non
499 1105 756 1199 dispensatione
773 1106 923 1198 Spiritus
942 1103 1045 1178 santii
1065 1107 1283 1199 promeritis
1301 1125 1359 1178 res

299 1223 482 1299 geruntur.
508 1205 652 1284 Etenim
672 1206 771 1300 Loth
785 1205 936 1279 inferior
949 1207 1059 1299 longe
1076 1218 1152 1296 etat
1164 1202 1359 1277 Abraham.

298 1304 375 1380 Nisi
401 1306 494 1382 enim
523 1305 641 1382 fuiss'et
670 1303 846 1399 inferior,
884 1327 959 1380 non
995 1304 1081 1378 esset
1107 1303 1285 1399 separatus
1313 1305 1358 1377 ab

298 1402 501 1497 Abraham,
527 1427 596 1480 nec
616 1405 753 1480 dixisset
769 1408 818 1484 ei:
843 1409 883 1478 Si
901 1423 938 1477 ru
952 1407 991 1478 ud
1007 1407 1169 1491 dextram,
1196 1429 1243 1498 ego
1263 1404 1303 1475 ed
1320 1403 1361 1494 fi·

299 1507 447 1601 nislram:
472 1506 496 1594 fi
513 1524 549 1580 ru
565 1508 605 1580 ad
615 1507 788 1603 finiflram,
814 1507 916 1600 agouti
931 1507 1086 1578 dextram.
1136 1503 1186 1576 Et
1201 1503 1261 1576 nist
1278 1501 1358 1576 fuis·
1460 1567 1463 1574 .

300 1599 352 1678 set
378 1604 552 1700 inferior,
584 1627 660 1680 non
682 1607 714 1678 ei
738 1605 980 1684 Sodomorum
1005 1619 1100 1677 terra
1125 1604 1159 1677 &
1182 1602 1357 1678 habitatio

299 1703 493 1802 placuisset.
543 1705 709 1780 Veniunt
722 1726 808 1802 ergo
827 1707 870 1778 ad
885 1703 1065 1779 Abraham
1080 1719 1153 1780 tres
1170 1705 1241 1776 viri
1255 1703 1358 1776 meri·

300 1803 380 1896 die,
407 1804 450 1882 ad
474 1805 574 1878 Loth
593 1806 666 1877 duo
688 1805 836 1900 vespere
860 1807 1023 1879 veniunt.
1075 1803 1165 1877 Non
1191 1805 1284 1877 enim
1302 1823 1359 1873 ca·
1459 1883 1464 1900 Ι

298 1899 421 1995 piebat
435 1902 533 1976 Loth
549 1905 748 1980 meridianae
761 1905 850 1978 lucis
864 1905 1151 2002 magnitudinem.
1178 1901 1359 1977 Abraham

299 2024 392 2074 vero
412 2025 523 2095 capax
540 2003 609 2077 suit
624 2006 769 2100 plenum
787 2005 965 2100 fulgorem
982 2007 1071 2078 lucis
1090 2005 1267 2093 excipere.
1294 2001 1361 2075 ui·-

299 2103 442 2177 deamut
460 2125 578 2196 nunc,
604 2103 791 2196 quomodo
807 2101 988 2178 Abraham
1009 2103 1200 2196 susceperit
1211 2104 1358 2175 venien·

298 2217 373 2292 tes.
401 2203 636 2293 &quomodo
649 2205 763 2296 Loth,
787 2204 892 2298 &qul
907 2219 1094 2299 apparatus
1108 2201 1358 2296 hospitalitatis

298 2299 479 2394 utriusque
503 2302 572 2396 stt,
599 2300 859 2397 comparemus'.
907 2303 1027 2378 Primo
1046 2317 1163 2378 tamen
1185 2301 1357 2398 observa,
1468 2323 1472 2328 ·

299 2401 397 2492 quod
424 2398 576 2478 Abrahae
601 2424 682 2476 cum
711 2403 852 2476 duobus
874 2399 1023 2500 Angelis
1052 2402 1157 2476 etiam
1178 2401 1358 2476 Dominus

298 2500 432 2593 adsuit,
459 2500 503 2572 ad
518 2500 619 2574 Loth
640 2524 730 2573 uero
757 2503 829 2574 duo
854 2501 1105 2577 tantummodo
1126 2500 1256 2596 Angeli
1279 2521 1359 2594 per·

298 2599 397 2698 gunt.
450 2595 498 2672 Et
516 2600 598 2694 quid
614 2601 765 2678 dicunt?
793 2603 888 2697 Miſsi
901 2627 958 2672 nos
977 2606 1133 2676 Dratinus
1148 2616 1304 2672 conterere
1315 2605 1360 2668 ci-

298 2705 455 2784 vitatem,
482 2698 759 2795 (aperientem.
809 2695 874 2775 Ille
899 2721 986 2798 ergo
1007 2700 1157 2794 lltscepit
1178 2721 1269 2793 eos,
1297 2691 1358 2789 qui

297 2798 477 2894 perditum
504 2798 652 2891 darent,
690 2821 765 2873 non
793 2797 945 2893 suscepit
966 2822 1068 2893 eum,
1105 2800 1165 2892 qui
1193 2797 1357 2876 salvaret.

297 2897 479 2974 Abraham
489 2905 581 2973 vero
597 2899 747 2992 suscepit
764 2900 797 2972 &
813 2922 908 2990 eum,
925 2904 983 2991 qui
1000 2897 1131 3000 salvat,
1146 2899 1180 2971 &
1195 2921 1280 2991 eos,
1298 2897 1359 2989 qui

295 2998 462 3100 perdunt.
488 2998 599 3072 Nunc
617 2999 819 3091 videamus,
845 2999 1032 3092 quomodo
1048 2995 1360 3094 unusquisquesus·

298 3099 418 3189 cipiat.
458 3100 571 3184 Vidit,
596 3099 730 3190 inquit,
755 3099 936 3194 Abraham,
961 3103 1000 3175 U
1017 3097 1359 3174 occurriteiseloiam.

298 3195 493 3270 Considera
521 3200 687 3298 protinus
713 3199 900 3295 impigrum
927 3199 959 3272 dt
989 3202 1140 3274 alacrem
1167 3199 1204 3272 in
1230 3195 1357 3272 officiio

297 3295 489 3374 Abraham.
522 3296 599 3390 Ipse
614 3301 774 3371 occurrit
788 3301 957 3392 obviam,
985 3301 1112 3374 &cum
1128 3297 1357 3376 occurrisset:
1464 3343 1468 3356 ι

299 3395 645 3492 Il'esiinut,inquit,ad
660 3397 903 3484 talernaculum,
913 3400 950 3474 U
968 3401 1049 3470 dicit
1064 3403 1104 3470 ed
1118 3404 1358 3488 uxoremsuam:

299 3497 724 3591 Essimadrabemaculum.
751 3497 848 3573 Vide
863 3501 899 3571 in
913 3499 1074 3598 singulis,
1092 3513 1224 3589 quanta
1236 3497 1278 3572 ht
1292 3495 1357 3578 sus·

298 3595 462 3687 cipientis
490 3597 663 3672 alacritas.
713 3595 914 3672 Festinatur
937 3600 974 3671 in
1001 3598 1194 3688 omnibus,
1236 3600 1358 3673 omnia
1470 3633 1474 3638 ·

296 3710 558 3791 perurgentur,
593 3698 679 3770 nihil
706 3717 771 3790 per
797 3698 917 3772 ocium
942 3701 1090 3794 geritur.
1140 3697 1245 3772 Dixit
1270 3717 1358 3792 ergo

292 3794 344 3878 ¹ad
361 3815 513 3868 uxorem
539 3794 632 3869 suain
653 3796 795 3869 Sararnr
824 3797 951 3892 Festina
973 3800 1014 3872 ad
1036 3798 1293 3884 talernaculum,
1319 3795 1359 3872 dr

297 3896 455 3990 consperge
482 3911 546 3966 tres
570 3897 731 3985 mensuras
751 3897 968 3990 fimiseginis,
1002 3896 1041 3973 (ὅ
1059 3897 1119 3989 fec
1141 3897 1362 3986 sebinericier.

297 3993 385 4069 Hoc
408 4014 520 4089 graece
544 3992 725 4114 {pugnarat
743 3995 900 4091 dicitur,
937 3997 1035 4090 quod
1061 3997 1258 4085 occultos,
1297 3993 1363 4074 vel

298 4092 528 4176 absconditos
545 4096 679 4173 indicat
694 4117 816 4196 panes.
847 4097 910 4193 lpse
923 4113 1026 4170 aurem
1040 4101 1204 4186 tutumit,
1220 4096 1381 4187 inquit-3

820 4192 918 4304 llis
1304 4191 1351 4264 ei
1397 4199 1420 4286 .'
