3417 4692
352 309 836 453 commnnrnnrn
862 371 929 450 nu
955 371 1247 455 onunsnn.
1300 323 1371 475 η’

282 539 489 614 hominibus
509 539 719 633 eveniunt,.
732 539 793 612 vel
810 537 993 632 abiisd'em
1011 551 1229 633 peccantur,
1255 551 1348 630 quae·
1416 562 1420 578 ·

279 642 353 732 'que
370 633 514 733 prorsus
526 637 676 712 infinitae
690 637 783 732 suut,
799 638 1235 734 disqiutationeminstitui,
1254 659 1348 730 quoa
1438 662 1442 679 ·

281 737 475 837 prasertim
500 735 677 834 dogmatis
698 739 795 812 istius
817 738 1004 812 offertores
1035 738 1166 836 egregii
1192 738 1276 813 dum
1304 739 1348 812 ab

284 840 385 912 omni
417 841 522 932 culpa
552 837 729 931 liberant,
764 841 975 931 malorum‚·
997 857 1145 931 quaeque
1176 835 1349 913 scelerate
1462 893 1465 902 .

281 933 376 1012 fiunt
392 941 573 1031 omnium,
602 939 685 1012 Deo
708 931 845 1012 causam
867 931 1060 1036 affignant?

239 1079 241 1084 ·
362 1060 393 1114 a.
423 1037 610 1112 Horumss
635 1031 821 1130 nonnulli,
854 1049 896 1110 ut
919 1038 990 1110 Dei
1019 1033 1155 1112 causam
1180 1038 1273 1112 tueri
1294 1033 1351 1110 vi·

239 1155 241 1160 ‘
287 1138 462 1230 deantur,
489 1137 625 1211 bonum
645 1139 830 1228 quemdam
844 1139 994 1212 alterum
1008 1135 1077 1210 eise
1091 1138 1232 1231 dicent,
1254 1157 1352 1212 eum·

239 1163 242 1348 ι
286 1261 355 1330 que
364 1258 483 1310 rerum
498 1237 639 1310 istarum
651 1237 791 1328 fontem
801 1236 871 1310 effe
881 1236 1351 1334 acprincipiumnegabunt,
1465 1311 1467 1316 .

286 1338 385 1430 quod
398 1339 460 1408 uni
474 1329 525 1408 isti
541 1338 724 1410 dumtaxat
737 1358 857 1411 rerum
874 1349 1074 1412 creatarum
1087 1337 1250 1412 molitori
1261 1333 1353 1410 frmi·

287 1440 332 1510 lia
354 1433 544 1509 tribuenda
562 1438 702 1526 velint3¹
726 1437 899 1533 primurn,
923 1453 970 1510 ue
989 1435 1036 1512 fic
1056 1430 1227 1530 quidem,
1253 1431 1354 1528 quod
1390 1471 1396 1478 -

285 1535 349 1631 ipsr
376 1532 529 1629 volunt,
554 1529 665 1628 justus
684 1547 725 1609 ut
750 1531 813 1609 iste
832 1537 902 1628 fit,
930 1528 1096 1611 efficient.
1148 1529 1353 1638 Quomodo
1420 1565 1428 1582 a

288 1638 402 1720 enim,
424 1651 529 1726 quem
542 1648 602 1708 tot
614 1637 788 1709 malorum
802 1645 987 1729 parentem
1001 1636 1173 1728 fatentur,
1187 1635 1249 1729 ipsr
1264 1651 1354 1725 quo·

289 1759 358 1827 que
375 1735 506 1828 justum
530 1736 693 1808 eumdem
717 1734 786 1809 effe
802 1739 882 1829 jure
904 1738 1108 1832 meritoque
1129 1733 1366 1812 defendant?-

289 1835 435 1909 Deinde
455 1833 539 1928 quid
553 1835 707 1908 sentiant
727 1836 788 1928 ipsr
814 1836 859 1908 de
878 1834 938 1928 se,
973 1836 1201 1928 quaerendum
1219 1853 1265 1908 ex
1284 1835 1355 1908 illia

292 1936 369 2023 est3
401 1947 520 2026 utrum
534 1931 606 2008 sese
619 1933 791 2009 astrorum
806 1927 1048 2010 conversione
1069 1937 1250 2032 obligatos
1265 1933 1357 2027 effe,

293 2029 509 2127 anliberos,
537 2047 644 2125 atque
657 2027 848 2128 ejusmodi,
876 2027 970 2127 apud
984 2033 1202 2128 quoshacin
1214 2029 1291 2106 vita
1304 2036 1357 2106 ni·
1462 2103 1465 2110 ,

289 2137 340 2209 hil
352 2130 503 2207 omnino
520 2147 641 2208 motus
655 2135 715 2206 ille
729 2127 858 2226 posfit‘?
887 2131 1079 2230 Obligaros
1095 2129 1357 2227 ssiatebuntur‚

290 2233 389 2308 hunc
405 2229 472 2305 iliis
490 2233 658 2325 profeiio
678 2230 767 2305 astra
788 2253 934 2325 quoque
950 2227 1084 2308 sensum
1098 2229 1358 2326 imprefferiut:

293 2335 458 2424 adeoque
470 2353 605 2406 novam
616 2333 660 2419 de
676 2333 859 2426 superiore
872 2333 936 2406 suo
952 2330 1245 2425 fistitioqueDeo
1259 2351 1359 2407 men·
1431 2397 1434 2404 .

293 2443 390 2526 tem,
418 2433 786 2525 hujua'conversrone
806 2434 952 2524 mundi,
979 2433 1060 2506 suus
1075 2434 1158 2527 ille,
1186 2432 1284 2523 quod
1296 2430 1362 2526 ipss
1404 2441 1408 2446 ’

292 2544 449 2630 negant,
477 2530 690 2605 architeeius
705 2534 882 2624 injecerit.
933 2531 997 2606 Sin
1015 2549 1136 2605 autem
1150 2533 1226 2624 ejus
1243 2530 1278 2604 se
1296 2533 1360 2606 mi·.
1447 2571 1451 2578 ·

253 2671 255 2676 ·
293 2625 417 2726 nime,
443 2651 530 2723 quas
553 2621 642 2730 astra
662 2624 858 2725 volvunt‚'
875 2626 909 2706 le
935 2624 1013 2706 ibus
1033 2633 1150 2706 teneri
1167 2627 1360 2724 responde·

253 2769 255 2778 ·
293 2734 408 2822 bunt,
434 2724 469 2802 id
486 2751 532 2803 ne
546 2729 640 2803 abiis
656 2744 794 2830 temere
806 2654 933 2827 negari
946 2727 1126 2825 videatur,
1151 2725 1362 2823 maioriuti·

295 2833 366 2923 que
380 2831 419 2902 v'i
430 2825 631 2926 suffragium
646 2831 695 2903 iili
711 2829 872 2904 nostrum
887 2843 1108 2923 extorquere
1123 2825 1271 2923 debent,
1287 2845 1363 2903 cer·

294 2947 339 3003 to
363 2926 559 3003 discrimine
584 2931 658 3002 duo
682 2933 775 3003 inter
794 2931 967 3004 mentium
984 2945 1115 3027 genera
1139 2927 1363 3022 constituto,

296 3049 445 3122 quarum
457 3030 531 3100 aliae
546 3043 670 3124 ortus,
696 3028 834 3121 fatique
846 3022 1085 3104 neceiiitate'm
1097 3028 1214 3104 subire
1232 3045 1365 3126 cogan-

294 3145 377 3221 tur,
405 3129 480 3200 aliae
493 3127 688 3243 defugiant.
740 3123 820 3202 Hac
834 3127 971 3203 enimse
985 3123 1179 3222 questione
1195 3127 1363 3222 profefiio

293 3231 488 3320 numquam
504 3228 753 3327 explicabonm
773 3242 815 3303 ut
828 3217 1187 3323 manifestumestiir,
1208 3229 1266 3322 qui
1280 3221 1365 3302 illoa

294 3339 447 3404 norunt.
500 3318 561 3400 Ad
580 3327 655 3402 haec
677 3341 802 3420 preces
819 3352 861 3403 ac
881 3337 972 3401 uota
987 3338 1218 3422 nuncupare,
1245 3330 1366 3421 super-

297 3429 499 3502 vacaneum
512 3428 618 3521 plane
639 3426 692 3499 srt.
744 3424 840 3503 Nam
864 3430 888 3502 ii
907 3431 983 3502 hac
1003 3426 1111 3501 illave
1129 3417 1208 3500 fieri
1225 3425 1368 3503 necess'e

299 3527 374 3622 est,
400 3528 564 3618 huncque
586 3520 673 3598 astra
691 3528 933 3603 neceffitatem
956 3526 1141 3620 afferunt,
1169 3542 1238 3600 nec
1265 3531 1369 3603 aliter

298 3647 405 3722 quarn
416 3639 680 3718 eorum-mutua
695 3627 902 3721 comple-xio
913 3627 1061 3719 jubeat,
1087 3615 1165 3700 fieri
1177 3624 1369 3720 quicquam

298 3724 452 3821 potest,
485 3726 559 3798 hoc
580 3727 766 3822 aurillud
795 3718 964 3806 abs'Dco
988 3728 1180 3818 impetrare
1211 3727 1284 3802 fine
1315 3750 1369 3802 ra·

300 3819 406 3900 tio'ne
429 3823 690 3904 contendimua
742 3817 811 3899 Sed
833 3815 999 3918 quorsum
1024 3823 1370 3919 pluribus—commu-

298 3929 356 4002 uis
371 3913 481 4017 huius'
490 3921 533 3997 de
546 3924 623 3996 sato
640 3919 734 4021 luel,
763 3926 869 4020 quem
884 3920 1146 4001 inconfiderate
1160 3925 1290 4029 vrrigus
1310 3931 1371 4001 ad·

306 4023 623 4122 ¹&Origeiiirflora.
655 4027 711 4099 Vs.
785 4025 807 4068 ’·
996 4025 1025 4100 Β
1232 4031 1324 4106 'hue

237 4115 257 4341 i
