3417 4692
445 360 512 437 IN
538 349 1125 472 Guutstmrromltln
1150 353 1241 435 XV..
1310 365 1378 451 271

319 548 366 600 eo
381 537 596 598 revocatum
617 520 705 592 dicit
721 539 741 590 a
757 518 842 590 Deo
870 517 1009 610 Jacob,
1044 515 1126 608 quia
1147 535 1280 610 corpus
1304 517 1380 609 ejus

319 638 546 718 reportatum
564 617 624 695 est.
653 620 764 718 Quod
783 616 807 690 fi
823 616 1036 710 recipiatur,
1063 636 1138 688 non
1155 617 1223 688 erit
1238 633 1380 709 verum,

320 725 418 817 quod
440 728 529 794 Deus
550 744 615 790 non
634 720 671 816 esi
693 725 781 790 Deus
798 738 1008 803 mortuorum,
1027 710 1078 811 fied
1102 722 1262 792 vivorum.
1290 715 1379 792 Non

319 846 407 919 ergo
427 809 606 895 convenit
623 820 697 891 hoc
721 818 764 890 de
786 837 942 909 corpore
957 828 1105 888 mortuo
1125 816 1296 912 intelligi,
1324 818 1381 892 sed

317 913 421 1016 super
437 922 532 995 vivis
548 921 582 992 dt
597 918 802 1014 uigentibus
819 916 1021 1010 approbari.
1057 915 1252 989 Videamus
1269 937 1378 1015 erg0,
1467 930 1468 933 ’

317 1046 363 1097 ne
378 1022 500 1113 forte,
528 1019 589 1092 vel
602 1018 750 1090 Domini
771 1015 1016 1108 descendentis
1033 1015 1070 1087 in
1086 1013 1181 1086 hunc
1195 1018 1378 1111 mundum,

319 1122 585 1216 &ingentem
608 1138 796 1212 magnam,
832 1116 906 1188 hoc
932 1112 1008 1210 est,
1052 1113 1089 1186 in
1116 1110 1305 1192 Ecclesiam
1333 1142 1416 1206 ert·¹

320 1222 486 1317 gentibus
505 1215 612 1309 sadi,
650 1215 965 1306 consummatisque
985 1213 1150 1287 omnibus
1174 1214 1216 1285 ad
1241 1229 1379 1308 patrem

318 1320 478 1416 regredi:
504 1319 566 1391 vel
581 1314 792 1409 protoplasti
812 1315 848 1387 in
865 1316 937 1388 hoc
963 1309 1078 1409 figura
1093 1313 1291 1408 formetur,
1319 1320 1379 1409 qui

320 1423 360 1494 in
380 1440 512 1514 agones
536 1415 718 1489 descendit
745 1416 780 1488 in
807 1413 1140 1510 AEgyptum,cum
1169 1413 1213 1486 de
1234 1417 1381 1507 paradisi

321 1520 457 1593 deliciis
474 1514 627 1609 ejestus,
655 1516 698 1587 ad
713 1515 815 1606 hujus
831 1514 953 1586 mundi
977 1515 1120 1586 labores
1141 1514 1379 1608 aerumnasque

321 1620 547 1708 deducitur,
570 1615 758 1708 proposito
781 1614 844 1687 fibi
867 1611 946 1686 cum
970 1611 1131 1705 serpente
1159 1617 1379 1710 certamine,

322 1739 405 1791 cum
424 1716 572 1789 dicitur:
604 1707 654 1786 Tu
675 1716 760 1783 illius
773 1714 946 1802 obstrvalis
963 1732 1070 1809 caput,
1096 1712 1135 1789 (τ
1154 1717 1214 1808 ipse
1228 1730 1318 1785 tuum
1332 1716 1380 1785 ol.

314 1819 458 1910 servabit
477 1819 680 1900 calcaneum
704 1812 741 1884 ,dt
766 1814 897 1898 iterum
921 1813 1067 1885 eumad
1091 1815 1275 1888 mulierem
1297 1815 1387 1889 dici·'

321 1930 405 2005 tur;
434 1915 514 2008 quia
530 1936 644 2011 ponam
666 1918 853 1985 inimicitias
872 1918 959 1983 inter
982 1930 1012 1983 re
1030 1912 1068 1986 ὅ
1085 1916 1201 2007 ipsam,
1234 1912 1273 1990 (u
1293 1919 1382 1988 inter

315 2018 420 2108 semen
439 2035 551 2103 tuum,
587 2011 625 2089 (5
640 2016 744 2103 semen
767 2017 862 2084 illius.
914 2012 997 2085 Nec
1019 2025 1139 2086 tamen
1160 2008 1224 2087 eos
1244 2016 1282 2088 in
1307 2016 1380 2090 hoc

321 2117 515 2192 certamine
530 2113 665 2208 positus
683 2111 811 2191 deserit
832 2112 959 2204 Deus,
993 2110 1052 2184 sed
1071 2108 1206 2206 semper
1225 2113 1276 2189 est
1298 2138 1380 2189 cum

319 2217 411 2310 ipsis.
460 2213 722 2308 Complacerin
738 2210 859 2304 Abel,
887 2211 1038 2305 corripit
1056 2208 1155 2287 Cain.
1182 2212 1379 2288 Invocatus

320 2314 418 2402 adest
437 2312 578 2389 Enoch.
630 2310 718 2385 Noe
740 2311 884 2384 mandat
898 2311 939 2384 ib
958 2312 1095 2385 diluvio
1123 2334 1239 2388 arcam
1262 2315 1379 2388 salutis

322 2411 515 2488 exstruere.
568 2412 749 2485 Abraham
765 2412 910 2483 deducit
921 2410 966 2484 de
986 2412 1097 2491 domo
1118 2411 1317 2505 patrissui,
1347 2420 1380 2488 rt

323 2514 368 2588 de
390 2511 717 2608 cognatione-sua,
749 2509 842 2584 lsaac
870 2509 1037 2603 &Jacob
1054 2512 1257 2609 benedicit,
1283 2513 1379 2588 filios

320 2611 425 2696 Israel
439 2610 560 2685 educit
582 2634 626 2681 ex
648 2605 824 2705 AEgypto.
875 2609 941 2681 Per
959 2607 1116 2701 Moysen
1131 2614 1245 2708 legem
1268 2612 1381 2686 literis

321 2711 462 2803 scribit,
490 2731 553 2804 per
573 2710 789 2803 prophetas,
816 2730 892 2800 quar
907 2710 1054 2781 deerant
1067 2710 1213 2804 implet,
1239 2712 1312 2785 hoc
1329 2712 1380 2786 est

323 2810 393 2887 esse
408 2832 489 2885 cum
504 2812 553 2884 eis
570 2810 606 2882 in
625 2806 805 2905 AEgypto.
859 2808 971 2907 Quod
996 2822 1115 2900 autem
1142 2808 1250 2883 dicit:
1277 2815 1381 2886 Revo-
1478 2867 1481 2872 .

321 2912 450 2983 calore
475 2911 546 2980 inde
564 2913 601 2978 in
615 2911 737 3000 finem,
765 2909 838 2981 hoc
869 2907 941 3000 est,
970 2909 1124 2981 arbitror
1152 2905 1262 3004 (sicut
1279 2909 1380 3005 supe·

321 3014 392 3084 rius
408 3006 576 3107 dicimus)
594 3007 691 3100 quod
711 3010 747 3081 in
760 3005 832 3081 fine
845 3008 1052 3082 saeculorum
1066 3008 1269 3103 unigenitus
1286 3008 1379 3086 iilius

322 3111 423 3202 ejus,
449 3129 517 3204 pro
533 3109 643 3180 salute
663 3106 805 3200 mundi,
831 3106 940 3199 usque
956 3110 999 3182 ad
1013 3109 1150 3184 inferna
1171 3107 1378 3205 descendit,

322 3210 358 3284 tr
376 3208 460 3283 inde
483 3207 745 3302 protoplastum
769 3210 973 3285 revocavit.
1038 3210 1151 3306 Quod
1175 3212 1268 3284 enim
1289 3211 1381 3285 dixit

322 3309 366 3382 ad
378 3310 572 3381 latronem:
599 3310 700 3379 Hodie
714 3332 826 3377 mecum
840 3317 903 3379 eris
920 3316 956 3382 in
968 3311 1131 3405 paradiso,
1155 3310 1227 3383 hoc
1245 3332 1321 3384 non
1340 3313 1380 3384 il·
1469 3339 1472 3348 ·

321 3408 348 3481 li
367 3406 432 3481 soli
446 3405 596 3497 distum,
627 3404 737 3480 sed&
759 3410 925 3482 omnibus
947 3408 1067 3482 fandis
1088 3411 1274 3506 intellige,
1310 3433 1378 3506 pro

323 3507 502 3599 quiburin
521 3505 660 3579 insema
674 3503 912 3584 descenderat.
957 3510 999 3582 ln
1026 3512 1099 3583 hoe
1122 3529 1208 3605 ergo
1232 3512 1379 3602 verius,

322 3627 428 3700 quant
448 3605 486 3680 in
504 3605 619 3700 Jacob
639 3606 913 3703 adimplebitur,
940 3607 1038 3700 quod
1053 3606 1182 3681 dissum
1199 3608 1273 3704 est,
1300 3612 1381 3703 quia

322 3708 467 3780 revocabo
485 3723 516 3776 te
542 3709 615 3777 inde
628 3711 664 3776 in
671 3709 785 3797 finem.
1414 3739 1422 3746 ··

395 3810 428 3882 6.
455 3803 524 3878 Sed
553 3805 587 3877 dt
612 3803 845 3898 unusquisque
873 3804 1033 3881 nostrum
1061 3806 1190 3881 eodem
1220 3806 1376 3901 ordine,

320 3916 429 3999 atque
455 3903 578 3979 eadem
600 3905 688 3999 via,
722 3902 921 4001 AEgyptum
945 3907 979 3980 dt
1004 3930 1136 4003 agones
1161 3905 1378 4001 ingreditur,

319 4005 605 4100 &simereatur,
619 4020 662 4080 ut
677 4005 779 4082 Deus
790 4006 925 4101 semper
936 4024 1077 4084 maneat
1088 4028 1171 4096 cum
1183 4028 1253 4100 eo,
1269 4003 1378 4102 faciet

359 4132 361 4138 ¹
1248 4125 1332 4181 eum
