3417 4692
357 359 516 479 io‚.
681 379 1090 460 onrusnts

357 545 580 638 simplicitate
598 542 807 638 &puritate
831 543 951 616 cordis
973 541 1221 639 implebimur
1241 542 1421 634 verbum,

360 647 396 719 te
413 647 543 718 divine
556 642 732 736 sapientiae
747 643 976 737 famulemur,
1005 647 1065 735 qui
1079 641 1130 718 est
1148 641 1305 717 Christus
1322 640 1421 734 Jcsus

359 745 539 818 Dominus
556 742 700 836 noster,
726 743 783 816 cui
802 741 979 840 estgsoria
992 742 1026 816 dc
1041 741 1227 838 imperium
1240 743 1279 816 in
1297 739 1422 813 saecula

360 844 584 921 seculorum.
635 843 763 917 Arnen.

838 961 847 1010 i

304 1064 309 1073 .
363 1041 1417 1082 -n-m—pu—-n--n-n

639 1179 1009 1260 HOMILIA
1060 1179 1145 1255 XV.

361 1301 422 1380 De
438 1322 507 1394 eu,
533 1299 632 1392 quod
653 1299 818 1393 scriptum
838 1299 905 1374 est:
935 1303 982 1374 Et
999 1299 1257 1390 ostenderunttx
1268 1300 1424 1394 AEgtjpto‚

363 1403 402 1479 6
423 1405 639 1472 venerantiae
663 1419 782 1470 terram
800 1402 976 1488 cauom,
1002 1404 1041 1472 ad
1066 1402 1165 1496 Jacob
1175 1419 1300 1497 patrem
1316 1404 1428 1487 suuni,

364 1503 404 1582 U
421 1505 661 1572 nuiuiaverom
681 1506 711 1570 ei
736 1502 900 1588 dicentes,
936 1506 1011 1600 quio
1025 1503 1120 1593 fliius
1142 1519 1217 1571 tuus
1238 1499 1355 1600 Josepb
1374 1503 1427 1569 vi·

437 1605 510 1689 vit,
537 1599 577 1677 ss
593 1599 653 1697 ipse
667 1605 885 1698 principatum
901 1607 968 1694 ogit
983 1606 1084 1672 totius
1097 1615 1189 1672 terra
1200 1603 1349 1697 AEgypti.

709 1698 838 1773 Genes.
857 1697 942 1795 Cap.
959 1699 1073 1775 XLV.

368 1862 401 1920 1.
496 1839 732 1912 bservandum
749 1838 799 1912 est
813 1837 1118 1932 nobisscripturas
1134 1835 1263 1912 sandes
1279 1838 1429 1933 legenti-

503 1942 610 2036 bus,
646 1938 832 2028 quomodo
866 1941 903 2011 in
935 1939 1076 2033 smgulis
1105 1939 1304 2028 quibusque
1328 1940 1423 2016 iocis

366 2039 556 2116 ascendere
572 2055 755 2132 ponatur,
790 2038 824 2108 ἀ
844 2035 1069 2111 descendere.
1120 2035 1155 2108 Si
1174 2038 1269 2109 enim
1285 2037 1431 2130 diligen·

365 2139 436 2214 tius
452 2136 737 2227 confideremus,
753 2138 991 2226 inveniemus,
1010 2137 1280 2229 quianunquam
1295 2136 1372 2208 fere
1391 2139 1429 2209 in

366 2235 550 2327 sanetum,
584 2233 661 2325 quis
680 2237 803 2308 locum
820 2235 949 2308 dicitur
975 2233 1214 2327 descendisse,
1248 2256 1364 2326 neque
1384 2236 1429 2308 ad

366 2333 644 2428 vituperabilem
662 2331 902 2408 conscendisse
918 2347 1148 2408 memoratur.
1202 2335 1292 2435 Quae
1310 2332 1430 2408 obscr-

364 2435 535 2508 vationes
555 2431 748 2506 ostendunt
760 2431 967 2527 scripturam
983 2434 1139 2506 divinam
1156 2437 1233 2506 non
1248 2430 1430 2527 (utpluri-

281 2529 284 2536 ’
366 2535 432 2611 mis
458 2531 625 2628 videtur)
651 2531 832 2605 inerudito
860 2533 893 2606 δι
918 2532 1043 2630 agresti
1068 2531 1231 2606 sermone
1253 2532 1429 2625 compost·

366 2647 463 2725 tam,
497 2630 556 2705 sed
588 2630 779 2704 secundum
805 2632 1020 2724 disciplinam
1054 2632 1183 2704 divinae
1216 2631 1429 2705 eruditionis

367 2745 537 2828 optatam,
550 2751 668 2821 neque
679 2745 817 2804 tantum
834 2732 1009 2806 historicis
1028 2731 1306 2818 narrationibus,
1323 2752 1433 2822 quan-

366 2844 445 2904 tum
460 2832 567 2904 rebus
591 2829 625 2901 bc
647 2828 798 2902 sensibus
814 2829 969 2922 mysticis
988 2829 1212 2904 servientem.
1235 2879 1239 2885 -
1260 2829 1431 2908 Invenies

368 2951 458 3026 ergo
476 2927 645 3021 scriptum
663 2949 756 3019 eos,
785 2933 844 3019 qui
867 2951 910 3002 ex
930 2930 1059 3003 semine
1080 2928 1262 3001 Abrabam
1282 2927 1430 3000 nascun-

367 3042 448 3121 tur,
475 3025 690 3102 descendisse
710 3028 748 3099 in
762 3027 981 3125 AEgyptum,
1008 3030 1042 3100 u
1057 3027 1191 3099 rursum
1212 3024 1305 3100 filios
1324 3026 1430 3102 Israel

368 3126 557 3204 ascendisse
570 3127 616 3200 de
632 3124 810 3221 AEgypto.
861 3128 1029 3219 Denique
1048 3127 1081 3200 ἃ
1096 3128 1141 3200 de
1155 3126 1229 3218 ipso
1241 3124 1425 3200 Abraham

367 3229 414 3304 sle
431 3226 579 3300 dicitur:
605 3227 753 3315 Ascendit
772 3244 876 3297 autem
891 3228 1052 3300 Abrohom
1073 3228 1107 3296 de
1127 3229 1286 3321 AEgppto‚
1313 3229 1371 3314 ipse
1391 3231 1431 3301 δ’

367 3330 548 3422 uxorcjus,
573 3321 612 3400 ss
629 3331 754 3412 omnio,
771 3327 841 3422 quii
854 3331 922 3424 ejus
937 3345 1050 3412 oront,
1077 3325 1113 3402 (5
1130 3330 1294 3397 laticum
1311 3329 1373 3422 ipso
1394 3334 1431 3396 im

367 3426 529 3514 desertum,
579 3423 675 3500 Tum
696 3426 823 3499 deinde
839 3426 874 3498 dt
894 3428 937 3499 de
953 3426 1047 3500 Isaac
1064 3426 1210 3515 dicitur,
1237 3426 1317 3516 quia
1334 3446 1431 3520 oppo-

367 3531 439 3598 miit
458 3529 487 3592 ei
510 3529 687 3612 Dominus,
712 3527 750 3600 σ
766 3530 852 3597 dixit
867 3533 915 3598 ei:
941 3531 997 3599 Ne
1013 3529 1173 3614 descendas
1187 3529 1225 3594 in
1241 3528 1431 3619 AEgyptum.

366 3621 436 3696 Sed
452 3621 707 3717 belimontis,
734 3626 794 3714 qui
813 3626 1009 3717 portabant
1021 3627 1273 3716 θυμιαματα,
1301 3625 1335 3695 ἃ
1349 3624 1429 3696 resr-

366 3745 470 3817 uam‚
498 3723 683 3819 &guttam
701 3722 734 3797 δι
751 3723 812 3815 ipsi
828 3745 873 3797 ex
892 3722 1022 3798 semine
1039 3723 1219 3796 Abraham
1243 3740 1365 3813 erant,
1392 3726 1431 3797 in

366 3820 567 3917 AEgyptum
585 3820 798 3896 descendere
810 3823 1039 3917 referuntur,
1061 3844 1142 3894 cum
1156 3823 1281 3913 quibus
1294 3821 1428 3914 Joseph

367 3920 580 3995 descendisse
602 3923 639 3993 in
661 3919 861 4016 AEgyptum
885 3923 1025 3997 dicitur.
1077 3920 1145 3992 Sed
1170 3921 1202 3991 &
1225 3921 1305 4015 post
1325 3924 1428 4012 baec,

371 4023 515 4111 chns,
539 4021 675 4115 inquit,
703 4024 820 4118 Jacob,
846 4029 922 4121 quio
937 4022 976 4121 eft
990 4026 1199 4094 commercium
1211 4023 1374 4112 fruinenn'
1393 4028 1432 4090 in

501 4127 528 4154 ”
1217 4123 1377 4218 AEgppco,
