3417 4692
378 401 447 525 ijs
529 405 571 528 ᾗ
693 361 1111 501 oarotu'rs

324 621 327 629 ·
378 587 546 670 cumcillo
564 585 714 662 dicenda
731 586 768 661 in
782 583 924 684 senilis,
952 583 1218 681 unianimes,
1246 591 1439 683 quainter·

375 692 432 768 nis
458 685 718 766 obtruncatio?
744 687 814 762 Sed
833 687 1004 763 sermonis
1027 690 1173 762 novitas
1193 687 1339 762 sortasse
1359 707 1438 764 non

331 795 336 812 ¹
376 790 492 872 solum
509 789 676 888 Judaeos,
701 783 883 864 sedetiam
900 791 1038 882 aliquos
1061 788 1211 862 fratrum
1231 789 1439 866 nostrorum

377 891 572 966 deterreat.
622 885 1438 982 ImpoffibiliaenimvideturPauluspraesume·

374 1010 439 1083 re,
476 990 536 1082 qui
559 989 863 1063 circumcisionem
882 988 1002 1062 cordis
1027 988 1174 1062 inducit.
1233 989 1436 1086 Quomodo

377 1091 472 1164 enim
488 1085 567 1162 fieri
581 1091 739 1184 poterit,
759 1103 800 1160 ut
811 1087 1085 1164 circumcidatur
1100 1087 1319 1178 membrum,
1337 1089 1437 1181 quod

376 1189 527 1278 internis
547 1186 955 1282 visceribusobteslum,
981 1190 1087 1262 etiam
1098 1185 1344 1280 conspedlibus
1356 1190 1436 1282 ipsis

375 1281 563 1366 hominum
581 1287 701 1362 latetl
726 1287 926 1365 Redeamus
946 1309 1034 1386 ergo
1052 1288 1096 1361 ad
1116 1287 1348 1382 propheticas
1370 1309 1439 1360 uo·

377 1410 460 1482 ces,
487 1401 528 1459 ut
546 1387 731 1462 orantibus
758 1390 865 1462 vobis
885 1389 980 1482 haec,
1004 1388 1049 1460 de
1074 1389 1199 1478 quibus
1225 1387 1436 1482 querimus,

375 1488 460 1562 inde
494 1483 699 1562 clarescant.
761 1487 933 1562 Ezechiel
964 1486 1143 1583 propheta
1176 1487 1285 1560 dicit:
1323 1493 1462 1584 Omnis¹

375 1589 552 1682 alienigena
568 1589 799 1679 incircumcisus
817 1592 921 1677 corde,
947 1587 984 1666 Θ
998 1587 1227 1675 incircumcisus
1239 1612 1353 1670 ciirne,
1370 1611 1439 1657 riom

376 1689 528 1786 iun-iilis
545 1694 580 1757 i'n
594 1689 708 1779 sentia
727 1709 806 1768 nea.
855 1687 905 1760 Et
922 1689 1011 1762 item
1029 1687 1113 1762 alibi
1127 1687 1358 1760 nihilominus
1377 1708 1439 1760 ex-

375 1783 554 1884 probrans
576 1789 758 1884 propheta
779 1789 889 1862 dicit:
932 1794 1047 1860 Omnes
1071 1792 1254 1880 aliiiiigenae
1274 1785 1441 1884 cincinnis

375 1913 493 1974 caini,
511 1888 581 1979 filii
602 1909 706 1959 autem
724 1889 820 1978 lsrael
841 1889 1045 1985 incircumcisi
1071 1893 1169 1964 corde.
1221 1887 1441 1984 Designatur

377 1987 490 2084 ergo,
518 1986 617 2080 quod
631 1987 694 2062 nisi
709 1989 787 2080 quis
801 1987 1025 2062 circumcisus
1036 1986 1146 2061 suerit
1163 1987 1295 2081 corde,
1323 1987 1438 2060 &cir-

379 2081 551 2160 cumcisus
575 2107 703 2180 carne,
730 2109 806 2162 non
825 2089 993 2162 introibit
1008 2090 1045 2160 in
1066 2085 1179 2168 sanila
1196 2087 1276 2161 Dei.

455 2206 488 2275 5.
515 2183 585 2259 Sed
610 2187 766 2260 videbor
786 2190 874 2262 meis
899 2186 972 2282 ipse
993 2187 1131 2262 indiciis
1154 2199 1292 2280 captus.
1352 2182 1440 2258 Hoc

378 2283 473 2360 euim
493 2283 684 2380 Prophetes
704 2286 910 2362 testimonio
933 2289 1111 2360 continuo
1137 2285 1356 2382 constringet
1382 2307 1442 2358 me

377 2373 540 2480 judaeus,
566 2385 600 2457 δι
626 2386 741 2459 dicet:
769 2384 866 2460 Ecce
883 2387 1061 2482 propheta
1077 2400 1264 2477 utramque
1289 2387 1443 2458 circum-

378 2483 549 2564 cilionem
572 2485 750 2582 designat,
778 2488 892 2560 carnis
912 2485 945 2558 dc
969 2487 1100 2562 cordis.
1152 2481 1347 2580 Allegoriae
1364 2503 1443 2557 uon

333 2586 337 2592 ’
377 2579 534 2676 flipciest
564 2586 690 2678 locus,
715 2587 779 2660 ubi
809 2602 960 2678 utraque
997 2586 1129 2680 species
1161 2585 1440 2658 circumcisionis

377 2683 544 2777 exigitur.
595 2684 631 2757 Si
652 2706 708 2758 me
726 2685 851 2758 vestris
873 2687 1039 2780 precibus
1051 2684 1239 2777 juveritis,
1266 2698 1308 2756 ut
1327 2682 1442 2756 adesse

379 2781 548 2884 dignetur
564 2783 717 2857 verbum
739 2786 809 2858 Dei
836 2785 914 2860 vivi
935 2787 972 2860 in
998 2787 1186 2878 apertione
1208 2784 1281 2857 oris
1303 2781 1441 2876 nostri,

301 2905 303 2910 ’
376 2883 577 2978 poterimus
599 2879 676 2976 ipso
704 2883 795 2956 duce
812 2906 876 2978 per
897 2884 1027 2960 arstum
1046 2886 1119 2958 hoc
1144 2881 1345 2978 questionis
1370 2883 1442 2954 iter

378 2981 423 3084 ud
443 2983 666 3058 latitudinem
684 2984 848 3058 veritatis
874 2983 998 3058 exire:
1031 2985 1202 3077 quianon
1227 2981 1342 3058 solum
1366 3001 1441 3054 car·

377 3083 476 3154 nales
494 3082 603 3176 Judaei
632 3083 674 3155 de
696 3083 964 3158 circumcisione
992 3081 1107 3158 carnis
1128 3083 1340 3157 revincendi
1358 3082 1441 3156 sunt

377 3179 505 3272 nobis,
531 3180 590 3254 sed
605 3186 772 3258 nonnulli
792 3186 919 3277 exiis,
946 3187 1006 3277 qui
1025 3183 1153 3257 Christi
1165 3203 1300 3258 nomen
1316 3183 1441 3255 videu-

377 3291 438 3351 tur
454 3278 656 3375 suscepisse,
684 3281 856 3358 &tamen
873 3285 1051 3358 carnalem
1068 3283 1373 3358 circumcisionem
1386 3301 1443 3354 re·

379 3373 578 3471 cipiendam
601 3392 751 3474 putant:
785 3397 827 3456 ut
849 3379 1055 3478 Ebionitae,
1084 3384 1239 3477 &liqui
1262 3383 1317 3456 his
1340 3383 1364 3454 si
1401 3379 1443 3454 ili

377 3492 590 3572 paripcrtate
604 3477 718 3554 sensus
736 3481 914 3568 aberrant.
950 3475 1105 3558 Utamur
1115 3485 1222 3580 igitur
1233 3482 1369 3554 veteris
1388 3480 1442 3552 in·

377 3573 565 3652 strumenti
575 3578 808 3674 testimoniis,
823 3584 951 3673 quibus
961 3583 1114 3657 libenter
1123 3583 1321 3678 indulgent.
1347 3579 1442 3654 Scri·

377 3690 481 3772 ptum
499 3675 549 3752 est
566 3679 708 3754 enimin
727 3675 908 3756 Hieremia
920 3683 1118 3776 propheta:
1145 3687 1221 3754 Eue
1230 3683 1366 3780 populiis
1385 3681 1441 3752 liic

309 3871 312 3878 A
378 3779 614 3864 incircumcisus
628 3782 771 3855 auribus.
798 3777 894 3854 Audi
907 3777 1012 3855 lsrael
1025 3783 1274 3877 propheticam
1291 3801 1442 3876 vocem,

378 3873 511 3974 grande
528 3877 594 3950 tibi
613 3879 850 3974 opprobrium
865 3880 1067 3980 inducitur,
1083 3883 1222 3978 grandis
1236 3882 1302 3953 tibi
1317 3883 1444 3974 impin·

377 3975 474 4074 gitur
488 3976 603 4074 culpa.
636 3975 832 4056 Accusatio
845 3995 909 4058 tue
920 3977 1128 4078 profertur,
1143 3981 1242 4076 quod
1254 3983 1444 4154 incirscum-

1300 4101 1332 4154 cr
1349 4101 1390 4155 us
