3417 4692
471 421 536 497 IN
560 420 841 498 GENESIM
864 421 1145 514 HOMILIA
1168 421 1217 500 ΙΙ.
1299 441 1370 522 155

315 587 466 660 aiterum
479 585 580 657 alteri
595 583 712 676 pollet
726 585 859 678 aptari,
886 584 920 656 ἃ
940 584 1137 659 inundante
1156 585 1372 686 diluvioto·

314 701 373 758 tus
390 704 556 776 aquarum
573 684 827 777 prohiberetur
845 681 1030 778 incursus,
1057 707 1137 758 cum
1159 685 1371 782 intrinsecus

315 783 592 856 &extrinsecus
620 784 733 856 oblita
758 783 932 857 bitumine
963 781 1126 876 junblur'a
1158 786 1369 862 muniretur.

314 881 501 956 Traditum
517 880 597 955 sane
614 883 721 956 nobis
742 883 811 975 est,
838 883 964 956 &non
986 883 1118 975 absque
1137 885 1373 959 verisimilitu-

316 983 416 1066 dine,
441 981 648 1074 inferiora,¹
663 1002 739 1075 quae
754 981 857 1076 supra
875 982 1026 1056 diximus
1040 981 1240 1076 construsba
1260 985 1373 1079 dupli-

317 1084 429 1175 citer,
459 1104 546 1176 ·quac
568 1081 602 1154 u
624 1080 809 1173 separatim
831 1084 1046 1156 bicamerata
1067 1084 1243 1178 appellata
1269 1084 1371 1174 sunt,

316 1182 478 1274 exce-ptis
492 1180 759 1274 superioribus,
781 1203 858 1274 quae
870 1182 1094 1258 tricamerata
1110 1181 1300 1276 dicuntur,
1328 1183 1372 1258 ad

313 1282 412 1354 hunc
429 1281 575 1354 modum
589 1279 689 1368 fuisse
707 1281 882 1374 duplicia,
897 1282 1064 1374 quoniam
1080 1281 1222 1374 quidem
1241 1304 1373 1364 annum

314 1382 493 1474 integrum
511 1378 659 1452 fuerunt
674 1382 794 1453 omnia
813 1381 973 1453 animalia
989 1381 1026 1453 iri
1040 1401 1131 1456 arca.
1180 1377 1372 1480 Erotique

313 1473 351 1551 in
369 1494 488 1551 totum
501 1479 630 1552 annum
643 1479 870 1554 necelleerat
885 1479 1082 1573 providere
1096 1481 1219 1570 cibos,
1246 1480 1373 1556 &non

316 1577 432 1652 solum
452 1580 577 1670 cibos,
611 1599 739 1652 verum
764 1580 798 1652 ds
825 1577 1059 1676 digestionum
1080 1578 1248 1652 constitui
1267 1582 1372 1674 loca,

316 1699 391 1767 quo
410 1700 527 1770 neque
547 1678 619 1772 ipsa
645 1678 827 1772 animalia,
852 1681 1031 1770 praecipue
1050 1693 1168 1752 tamen
1181 1678 1370 1774 homines,

314 1776 390 1857 fimi
411 1777 541 1850 soetore
557 1792 788 1852 vexarentur.
838 1775 1004 1852 Tradunt
1023 1799 1136 1874 ergo,
1170 1779 1267 1870 quod
1282 1779 1372 1881 inse·

315 1877 393 1949 rior
416 1877 518 1972 regio
539 1876 632 1971 ipsa,
667 1898 743 1970 quae
765 1879 802 1949 in
823 1873 937 1950 fundo
957 1877 1027 1970 est,
1060 1877 1103 1950 a'd
1124 1877 1372 1968 hujuscemodi

315 1975 534 2050 necessitates
553 1977 751 2068 mancipata
769 1977 809 2049 sit
827 1977 860 2050 ds
877 1987 1053 2069 exceptor
1084 1976 1170 2050 huic
1183 1992 1301 2054 atttem
1320 1978 1372 2052 su·

300 2077 438 2167 'perior
448 2071 637 2171 contigua,
661 2075 914 2149 conservandis
930 2077 1066 2169 pabulis
1081 2077 1283 2170 deputetur.
1309 2075 1374 2152 Et-

317 2175 412 2248 enim
426 2174 654 2247 necellarium
669 2175 881 2268 videbatur,
907 2191 949 2250 ut
960 2179 1001 2248 iis
1015 2174 1155 2268 bestiis,
1172 2178 1297 2267 quibus
1311 2201 1373 2252 na·
1428 2195 1431 2206 ·

315 2288 396 2345 tura
412 2272 508 2348 vesci
526 2274 690 2348 carnibus
710 2274 826 2367 dedit,
853 2273 1059 2352 introdusta
1072 2275 1139 2350 lint
1153 2276 1372 2352 extrinsecus

317 2374 499 2463 arsimalia,
527 2394 678 2464 quorum
695 2371 882 2447 vescentes
901 2376 1065 2450 carnibus
1082 2372 1299 2450 conservare
1318 2381 1373 2451 vi-

315 2487 389 2545 tam
404 2471 620 2566 posteritatis
634 2473 836 2565 reparandae
855 2476 966 2569 gratia
979 2475 1158 2545 valerent:
1186 2475 1260 2546 aliis
1280 2498 1371 2551 vero

317 2574 404 2662 alia,
432 2573 682 2661 quaenaturalis
698 2570 777 2642 usus
792 2573 973 2665 deposcit,
993 2574 1219 2645 servarentur
1230 2577 1372 2649 alimen·

317 2691 364 2745 ra.
399 2671 439 2742 ln
458 2672 525 2743 hos
545 2692 632 2766 ergo
646 2669 726 2742 usrrs
743 2669 933 2744 inferiores
953 2685 1098 2764 partes,
1125 2693 1201 2762 quae
1220 2674 1372 2747 bicame-

313 2787 400 2842 ratae
425 2769 613 2861 dicuntur,
649 2769 794 2842 tradunt
817 2767 919 2844 fuiffe
940 2769 1139 2862 distinsias,
1171 2768 1371 2864 superiores

320 2890 410 2942 sero
422 2869 468 2940 ad¹
478 2870 715 2942 habitaculum
731 2866 864 2962 bestiis,
883 2872 942 2944 vel
954 2870 1159 2944 animalibus
1171 2869 1371 2967 deputatas,

316 2971 354 3040 in
373 2966 499 3060 quibus
511 2969 696 3042 inferiores
713 2967 854 3059 quidem
869 2968 1019 3060 seris,.&
1030 2969 1222 3043 immitibus
1239 2971 1373 3060 bestiis,

318 3071 379 3143 vel
399 3066 616 3162 serpentibus
630 3068 871 3160 habitaculum
886 3067 1088 3164 prebuisse,
1113 3068 1167 3142 his
1179 3091 1270 3162 vero
1280 3093 1372 3162 con.

1225 3171 1324 3268 sigua

601 3373 604 3380 ’
664 3366 855 3464 Vnnsro
882 3389 1028 3442 uovn.
1113 3355 1116 3360 ’

317 3565 466 3660 positia:
494 3568 620 3636 Dicunt
639 3568 738 3658 igitur
752 3565 894 3658 infimam
909 3570 1066 3652 omnium,
1090 3587 1157 3662 que
1176 3565 1216 3637 nd
1229 3564 1374 3660 fundum

318 3680 411 3752 erat,
451 3671 554 3760 contig
600 3668 718 3736 tionem
737 3651 816 3754 fimo
839 3692 875 3736 ac
895 3666 1025 3764 stercori
1046 3669 1224 3762 deputatam
1249 3664 1372 3759 Juiffir

317 3766 394 3836 lauis
408 3769 550 3838 vicinam
580 3770 749 3861 asperiorem
764 3767 915 3836 alimento
923 3769 1114 3837 animalium
1131 3767 1276 3858 capiendo
1282 3788 1296 3852 ‚·
1324 3773 1373 3840 ira

318 3881 358 3934 ur
373 3871 541 3938 carnivora
559 3869 704 3936 carnium
722 3869 835 3960 copiam
850 3865 1020 3951 dolerent,
1046 3871 1121 3963 quia
1137 3865 1205 3936 alia
1219 3868 1372 3940 animalia

313 3982 430 4062 prater
454 3992 513 4055 ea,
538 3990 607 4063 qus¹
616 3966 783 4060 servanda
797 3967 912 4061 speciei
937 3965 1069 4040 insufla
1092 3980 1208 4050 erant,
1227 3969 1372 4062 procido

319 4065 454 4136 aliorum
472 4063 648 4159 ineramus
657 4064 799 4164 fuerent
815 4071 854 4138 in
868 4089 971 4170 orcam
986 4091 999 4162 5
1030 4089 1096 4166 pua
1110 4080 1214 4138 autem
1229 4068 1374 4162 mausua-

851 4175 854 4192 '
951 4195 956 4208 ¹
1304 4178 1352 4234 to
