3417 4692
368 440 439 514 150
692 417 1145 496 ORIGENIS·
1251 409 1259 430 ¹

364 580 537 661 meretrix
558 599 645 675 ergo
669 580 861 677 punietur,
893 575 1014 657 &filii
1040 582 1115 675 ejus
1138 583 1182 656 ad
1208 584 1426 658 occisionem

366 679 555 779 preparari
572 678 755 771 jubentur.
1231 675 1254 762 ,’

445 783 501 854 16.
530 780 576 852 Er
591 780 800 850 dominamini
816 778 949 874 piscium
963 782 1063 851 maris
1082 776 1121 856 (τ
1142 780 1326 852 volatilium
1341 780 1428 875 coeli,

368 877 629 976 &jumentorum
644 876 683 954 (i
696 884 855 964 omnium,
876 903 943 974 qua
959 880 1039 968 lunt
1048 879 1145 978 super
1161 898 1300 966 terram,
1326 881 1364 956 U
1379 906 1429 952 oo·

364 985 530 1078 pontium,
548 1004 613 1076 qua
630 994 745 1076 repunt
756 979 847 1072 super
859 994 988 1050 terram.
1013 978 1090 1072 Jam
1103 981 1179 1053 haec
1197 980 1433 1071 interpretata
1455 979 1458 984 ’

366 1079 448 1153 sunt
463 1078 654 1168 secundum
678 1078 837 1169 literam,
871 1099 953 1152 cum
974 1078 1193 1171 diceremus,
1222 1079 1322 1171 quod
1342 1080 1432 1152 dicit

368 1176 493 1271 Deua,
524 1182 690 1250 Faciamus
710 1179 892 1262 lrominom,
919 1177 953 1250 ἂ
975 1178 1139 1271 reliqua,
1164 1180 1225 1253 ubi
1247 1178 1355 1271 dicit,
1383 1177 1432 1252 El

369 1280 547 1350 dominetur
564 1278 694 1375 piscium
714 1282 832 1363 moris,
857 1273 896 1353 (Ἰ
915 1277 1097 1350 volatilium
1119 1279 1204 1367 coli,
1233 1277 1272 1350 dr
1289 1292 1430 1354 caetera.

368 1375 570 1451 Secundum
588 1378 790 1474 allegoriam
813 1389 932 1450 tamen
952 1377 988 1450 in
1004 1375 1188 1470 piscibus,
1222 1375 1255 1448 &
1275 1377 1433 1450 volatili·

367 1478 461 1568 bus,
489 1479 550 1549 vel
567 1477 771 1550 animalibus
793 1476 827 1547 dr
851 1477 1058 1569 repentibus
1081 1492 1184 1548 terrae
1208 1498 1249 1547 ea
1266 1476 1350 1548 mibi
1378 1479 1433 1560 ui-

369 1575 499 1648 dentur
519 1575 693 1669 indicari,
731 1576 776 1648 de
797 1578 924 1666 quibus
947 1576 1176 1648 nibilominus
1202 1573 1357 1668 superius
1382 1576 1433 1646 di-

367 1676 507 1765 ximus,
542 1673 666 1768 idest,
702 1676 761 1746 vel
781 1696 858 1765 quae
885 1675 930 1746 de
953 1673 1050 1747 sensu
1077 1676 1220 1766 anime,
1240 1675 1288 1747 ·&
1311 1675 1433 1746 cordis

370 1773 594 1869 cogitatione
613 1775 838 1867 procedunt,
866 1776 927 1846 vel
948 1795 1024 1866 quae
1042 1797 1087 1846 ex
1105 1771 1282 1846 deiideriis
1299 1795 1432 1865 corpo·

369 1873 529 1964 ralibus,
556 1873 721 1945 &carnis
738 1874 896 1945 motibus
914 1872 1166 1965 proferuntur:
1193 1893 1344 1963 quorum
1360 1872 1434 1946 san·

372 1968 418 2043 oti
435 1972 567 2062 quiquo
582 1970 616 2042 or
634 1970 918 2046 benedidionem
935 1971 1006 2046 Dei
1021 1972 1058 2046 in
1081 1971 1268 2063 semetipsrs
1290 1969 1437 2044 servan-

370 2081 448 2160 tes,
482 2069 765 2144 dominationem
789 2083 977 2162 exercent,
1011 2084 1160 2165 agentes.
1177 2086 1296 2144 totum
1319 2072 1434 2146 bomi-

372 2165 680 2243 nem-secundum
707 2169 847 2259 spiritus
880 2171 1120 2244 voluntatem.
1178 2169 1436 2242 Peccatoribus

370 2287 465 2340 vero
482 2269 590 2363 magis
608 2266 679 2361 ipsa
697 2267 945 2365 dominantur,
972 2290 1048 2362 quae
1064 2270 1108 2342 de
1124 2270 1237 2342 carnis
1254 2269 1370 2362 vitiis,
1398 2273 1445 2368 δι’

372 2369 537 2460 corporis
560 2365 809 2459 voluptatibus
831 2367 1076 2462 proferuntur.

287 2485 291 2516 -·
403 2543 405 2548 ,
450 2487 506 2562 17.
535 2459 583 2537 'Eo
600 2468 685 2538 lixit
714 2472 824 2540 Deus:
854 2471 929 2539 Ecce
948 2471 1017 2538 dedi
1037 2469 1125 2538 volis
1152 2491 1240 2537 omno
1258 2467 1372 2559 sonum
1383 2469 1436 2556 se·

372 2567 512 2648 minolo,
534 2567 612 2663 quod
627 2569 764 2655 seminar
777 2568 896 2658 umen,
921 2569 998 2669 quod
1014 2569 1051 2662 ‘l
1060 2570 1155 2664 super
1167 2592 1286 2637 omnum
1300 2583 1436 2662 terram,

371 2664 412 2742 U
420 2690 509 2737 omne
520 2667 652 2762 liguum,
665 2669 743 2765 quod
758 2668 899 2742 haletin
907 2670 942 2756 so
952 2667 1101 2760 studium
1112 2670 1243 2756 seminis
1253 2668 1434 2760 seminalis,

372 2765 463 2836 uobis
478 2773 541 2836 oris
560 2767 601 2838 ol
619 2767 732 2863 oscam,
758 2766 951 2853 &omnibus
965 2767 1064 2864 bestiis
1081 2784 1196 2852 terra,
1229 2765 1268 2840 dl
1291 2768 1436 2838 omuibus

372 2864 555 2938 volatilibus
572 2868 657 2958 aoeli,
683 2865 722 2943 ὅ
742 2869 885 2938 omullus
903 2870 1099 2963 repentibus,
1125 2893 1189 2964 qua
1213 2884 1328 2962 repunt
1340 2869 1437 2964 super

373 2978 514 3052 runnu,
534 2990 605 3062 -quae
626 2967 746 3042 ualent
763 2972 800 3038 in
819 2968 855 3056 so·
873 2973 1014 3039 unimam
1036 2973 1125 3037 vira.
1178 2965 1341 3039 Historiae
1360 2969 1435 3058 qui·

373 3064 455 3146 dent
474 3064 578 3158 hujus
598 3064 771 3142 sententia
794 3067 976 3142 manifeste
995 3067 1129 3140 indicat
1152 3065 1250 3139 usum
1269 3067 1435 3140 ciborum

372 3165 536 3258 primitus
552 3187 572 3238 a
586 3165 670 3238 Deo
691 3188 735 3241 ex
756 3165 901 3260 herbis,
932 3166 1068 3257 idest,
1103 3165 1289 3257 oleribus,
1324 3164 1358 3236 &
1384 3185 1437 3237 ar-

305 3293 307 3298 ·
373 3263 504 3338 borum
522 3261 693 3340 frutribus
712 3264 781 3340 eise
794 3264 1005 3358 permiffum„
1039 3266 1225 3338 Postremo
1241 3285 1334 3338 vero
1354 3285 1437 3338 curn

375 3360 419 3436 ad
443 3361 530 3437 Noe
553 3363 635 3458 post
656 3365 830 3440 diluvium
850 3362 955 3439 fieret
977 3365 1250 3454 testamentum,
1285 3363 1436 3436 facultas

373 3460 630 3538 vescendarum
656 3465 813 3538 carnium
834 3464 1038 3540 hominibus
1061 3463 1174 3538 datur.
1226 3465 1366 3562 Quibus
1389 3462 1462 3544 so,

374 3579 422 3634 ne
437 3561 481 3634 de
501 3563 610 3640 causrs
625 3565 661 3638 in
683 3561 750 3646 suis
769 3565 861 3638 locis
886 3563 1015 3639 rellius
1039 3578 1253 3656 exponetur.
1303 3562 1436 3640 Secun-

374 3657 458 3735 dum
471 3661 674 3758 allegoriam
687 3676 805 3738 tamen
820 3665 933 3738 herba
950 3669 1052 3737 terrae
1069 3663 1103 3736 δι
1122 3661 1255 3736 fruiius
1269 3663 1358 3748 ejus,
1375 3663 1437 3751 qui

375 3757 420 3834 ad
442 3757 553 3836 escam
573 3761 775 3836 hominibus
796 3761 1020 3860 indulgetur,
1047 3761 1167 3857 potest
1182 3761 1231 3834 de
1252 3759 1435 3834 affectibus

374 3857 525 3954 intelligi
547 3863 806 3955 corporalibus.
858 3864 974 3937 Verbi
997 3859 1122 3936 causa:
1158 3860 1216 3933 Ira
1240 3860 1274 3934 &
1301 3882 1437 3932 concu-

373 3955 544 4051 piscentia
566 3981 711 4055 germen
732 3960 783 4035 est
806 3965 986 4056 corporis·
1032 3961 1148 4052 Hujus
1170 3961 1335 4055 germinis
1364 3959 1436 4032 sru-

373 4053 464 4154 liur,
489 4057 528 4134 id
543 4057 697 4160 cstopus
711 4062 817 4142 nobis
835 4061 1122 4155 rationabilibus,
1149 4049 1315 4138 &bestiis
1332 4075 1436 4138 terre

346 4175 350 4182 ·
1287 4177 1386 4232 com·
