3417 4692
376 311 463 424 art·
551 337 572 364 ··
631 329 640 366 ³
698 285 1166 416 ontc'turs‘·

278 502 281 509 '
374 513 478 600 terga
494 499 581 575 dent
593 499 721 592 idolis,
748 455 922 574 &faciem
944 499 1081 596 erigant
1097 499 1142 573 ad
1161 498 1303 594 Deum,
1328 497 1432 577 &fe-

376 604 472 677 ciant
494 602 567 675 hoc
587 601 685 693 quod
707 600 744 672 in
766 597 1066 692 consequentibus
1084 600 1252 692 scriptum
1273 601 1342 673 est:
1381 589 1439 676 Er'

374 708 506 778 adorem
526 715 557 770 re
576 703 641 788 filii
660 705 763 797 patris
781 705 846 778 rei.
897 697 1004 771 Tunc
1023 699 1118 772 enim
1145 723 1225 774 eum
1248 700 1428 796 adorant,

331 851 343 870 ,
377 797 533 876 cumfilii
549 800 657 894 patris
672 799 808 874 fuerint
824 797 962 893 effecti,
988 799 1022 871 dc
1044 796 1200 892 spiritum
1221 793 1429 891 adoptionis

377 899 603 996 acceperint,
627 900 664 972 iu
681 920 753 992 quo
769 899 941 992 clament,
966 899 1051 969 Alba
1064 915 1167 994 pare-r.
1218 902 1319 972 ruma
1332 901 1429 975 enim

376 1004 454 1074 tlr'tr't
474 1006 644 1071 Domuum
659 1002 768 1096 Jelum
790 999 851 1094 rrifi
865 1008 902 1067 r'rr
918 1002 1045 1093 Spiritu
1058 997 1174 1085 sunsit.
1224 999 1294 1072 lste
1312 998 1429 1072 sermo

375 1101 486 1200 paulo
503 1097 620 1170 durius
633 1097 787 1171 refertur
805 1098 847 1170 ad
861 1097 1006 1190 Judam,
1031 1099 1093 1170 nist
1108 1097 1252 1172 abusive
1269 1097 1429 1172 dicemur

377 1201 548 1275 adoratos
569 1197 638 1271 ell'e
658 1197 752 1290 quali
771 1197 873 1292 teges
895 1197 1101 1270 afratribus
1125 1197 1220 1291 suis,
1251 1195 1380 1292 idest,
1407 1219 1430 1274 a

379 1299 516 1374 ceteris
533 1298 793 1370 contribulibus
809 1295 905 1368 lilios
922 1296 1023 1392 Juda.
1437 1329 1440 1336 ·

452 1420 486 1488 5.
515 1401 645 1467 Catulus
661 1403 758 1468 leonis
779 1395 892 1494 Jeme,
917 1405 952 1466 de
964 1399 1101 1489 germine
1114 1398 1182 1493 ejus
1199 1396 1356 1483 asendit.-
1382 1423 1431 1470 re·

376 1498 491 1574 aiom
508 1498 644 1577 dormillr‘
662 1497 743 1592 ficut
769 1502 840 1584 leo,
877 1493 916 1570 di
925 1495 1009 1592 ficut
1033 1499 1157 1567 catulus
1182 1497 1287 1566 lconis.
1339 1499 1428 1591 Quis

369 1598 535 1696 Jupirabir
549 1592 640 1669 euml
662 1597 704 1669 ln
718 1596 770 1669 bis
783 1594 962 1669 vericulis
974 1595 1136 1687 non-jum
1153 1595 1426 1691 concludimur,

276 1769 284 1786 ,
376 1695 436 1776 sed
451 1718 543 1791 pene
557 1697 794 1769 excludimur:
821 1717 901 1768 nam
920 1697 1075 1768 catulum
1089 1694 1427 1788 leonisfiponamus

360 1799 503 1894 ¹‚ludam
520 1794 588 1869 dici
605 1793 705 1888 posse
721 1814 789 1888 pro
805 1797 940 1866 virtute
958 1793 1135 1884 bellandi,
1162 1796 1347 1884 quomodo
1366 1818 1427 1868 ex-

375 1898 548 1996 ponitur,
589 1895 686 1986 quod
710 1895 754 1967 de
776 1897 935 1990 germine
958 1897 1033 1988 ejus
1056 1893 1185 1966 dicitur
1212 1892 1428 1970 ascendisset

378 1997 536 2073 Germen
557 2010 675 2068 autem
696 1993 753 2065 hic
776 1995 812 2066 in
837 2011 954 2089 graeco
977 1989 1121 2083 βλαςος
1144 1992 1299 2086 dicitur,
1327 1997 1428 2086 quod

377 2096 489 2193 magis
520 2095 735 2188 virgultum,
770 2093 830 2166 vel
854 2113 970 2164 ramus
995 2091 1124 2165 rectius
1149 2094 1428 2190 interpretatur,

378 2197 439 2289 qui
455 2193 629 2268 deradice
645 2191 878 2285 repullulare,
904 2191 965 2282 uel
981 2191 1025 2264 de
1038 2188 1115 2285 ipso
1135 2193 1271 2265 robore
1289 2195 1429 2270 arboris

376 2294 480 2370 solet.
531 2289 586 2363 Ex
605 2311 678 2383 quo
699 2310 785 2387 ergo
810 2291 993 2384 virgulto,
1019 2292 1081 2363 vel
1100 2312 1144 2362 ex
1160 2311 1234 2384 quo
1250 2311 1350 2366 tamo
1367 2294 1429 2388 Ju-

377 2394 439 2470 das
458 2387 643 2466 ascendisse
659 2388 814 2463 dicitur?
842 2389 901 2460 vel
917 2391 1102 2481 quomodo
1120 2393 1330 2465 recumbens
1343 2394 1428 2466 dor·

376 2490 474 2573 misse
499 2499 540 2563 ut
555 2491 637 2572 leo,
663 2490 697 2562 dr
719 2501 760 2561 ut
786 2490 923 2560 catulus
949 2491 1092 2582 leonis,
1116 2489 1226 2564 itaut
1248 2507 1426 2584 quaeratur

378 2595 553 2688 quiscum
575 2587 743 2662 suscitett
768 2587 843 2661 Nisi
860 2585 958 2661 sorte
978 2590 1100 2680 aliquis
1116 2592 1190 2662 vim
1209 2589 1341 2665 iaciens
1361 2616 1427 2665 ve·

375 2693 489 2770 licita
509 2687 726 2783 asseverare,
752 2709 797 2761 ex
815 2690 972 2782 germine
993 2688 1188 2784 processisse
1210 2689 1362 2785 Judam,
1388 2692 1427 2767 id

377 2792 452 2886 est,
475 2803 518 2863 ut
532 2787 687 2882 superius
705 2788 877 2881 diximus,
902 2790 964 2860 vel
976 2809 1021 2861 ex
1032 2790 1210 2884 virgulto,
1239 2794 1352 2864 velex
1372 2814 1427 2865 ra-

376 2913 462 2970 mo:
488 2888 586 2981 quod
605 2889 648 2961 de
667 2885 739 2981 ipsa
758 2889 867 2981 patris
886 2887 1099 2960 fortitudine
1119 2887 1152 2960 dr
1171 2892 1307 2962 virtute
1324 2892 1425 2986 srgni·

376 2989 484 3085 ficet,
510 2989 569 3081 qui
584 2988 727 3060 virtutis
744 2981 961 3058 confidentia
975 2987 1144 3081 recubet,
1171 2988 1424 3086 &requiescaq

376 3106 420 3168 ut
438 3092 527 3182 leo,
557 3087 590 3160 dt
612 3100 654 3160 ut
678 3090 813 3159 catulus
834 3086 970 3181 leonis,
996 3107 1064 3158 nec
1080 3109 1160 3160 eum
1181 3085 1279 3161 ausus
1300 3091 1424 3181 aliquis

376 3192 420 3269 stt
439 3189 625 3281 suscitare,
649 3187 732 3261 dum
747 3206 815 3278 pro
835 3185 1074 3280 magnitudine
1099 3189 1227 3260 virium
1246 3189 1279 3260 u
1295 3204 1426 3282 poten·

375 3293 428 3364 tia
440 3290 653 3364 bellatorum
674 3284 835 3359 suscitare
857 3306 938 3359 eum
955 3288 1073 3358 nullus
1090 3289 1216 3360 audeat
1232 3288 1273 3360 ad
1295 3291 1424 3382 praelia.

375 3388 448 3464 Sed
468 3388 582 3461 multo
602 3385 878 3460 convenientius
896 3386 1073 3478 aptabitur
1095 3389 1177 3459 huic
1195 3388 1281 3460 loco
1306 3389 1425 3482 mysti-

376 3509 421 3562 ca
435 3486 640 3580 expofitio,
666 3486 704 3559 in
724 3506 792 3578 qua
811 3486 948 3557 catulus
966 3486 1080 3558 leonis
1103 3485 1258 3560 Christus
1277 3509 1353 3562 non
1369 3488 1424 3563 so·

375 3588 451 3666 lum
474 3586 642 3679 tropice,
669 3605 794 3659 verum
814 3584 919 3657 etiam
934 3585 1078 3676 physice
1095 3587 1315 3682 desrgnatur:
1341 3609 1425 3666 nam

375 3687 613 3782 Phyliologus
636 3685 679 3758 de
694 3684 815 3758 catulo
832 3683 947 3758 leonis
968 3685 1043 3756 haec
1062 3683 1203 3777 scribit,
1231 3687 1423 3784 quodcum

373 3790 487 3868 suerit
503 3801 607 3859 natus
622 3787 732 3859 tribus
750 3784 874 3856 diebus
889 3783 924 3855 u
940 3785 1053 3856 tribus
1067 3785 1229 3860 noctibus
1250 3788 1425 3882 dormiat,

374 3901 453 3964 tum
465 3886 591 3961 deinde
611 3886 717 3979 patris
735 3884 879 3957 fremitu
899 3883 958 3954 vel
974 3885 1091 3980 rugitu
1112 3900 1276 3977 tanquam
1297 3903 1427 3963 tremo·

375 3987 490 4066 uuus
516 3986 642 4062 cubilis
663 3986 794 4080 locus,
827 3979 969 4059 suscitet
995 3985 1150 4062 cattrlum
1176 3987 1425 4066 dormientem.

542 4137 544 4144 ·
1303 4086 1375 4164 Iste
