3417 4692
399 329 472 465 ln
498 383 785 466 onnrsrm
808 327 1210 470 Homirrn'xrv.
1287 393 1357 470 261

293 543 410 642 Isaac,
436 550 496 641 qni
520 549 746 641 VerbiDei,
773 551 873 642 quod
892 551 930 624 in
952 553 1032 647 lege
1051 549 1123 644 est,
1148 563 1254 626 tenet
1270 548 1361 650 figu-

292 669 392 742 ram,
419 671 538 740 ncque
555 650 592 725 in
611 648 818 724 dissensione
840 650 975 743 semper
994 649 1220 745 potestesse,
1237 669 1360 746 neque

293 746 431 842 semper
446 751 483 821 in
498 770 598 841 pace.
645 748 876 841 Philosophia
891 750 985 822 enim
1005 771 1122 840 neque
1135 752 1174 826 in
1192 745 1359 826 omnihot
1427 765 1432 782 ·

291 848 364 942 legi
386 848 455 920 Dei
484 849 663 923 contraria
685 848 761 939 est,
794 870 911 942 neque
932 847 972 924 ‘m
993 851 1161 926 omnibus
1185 848 1360 930 consona

291 945 404 1021 Multi
436 950 529 1022 enim
553 946 987 1048 philosophorumunum
1009 947 1080 1022 elle
1108 945 1260 1042 Deum,
1297 951 1359 1040 qui

292 1046 420 1122 consta
441 1047 640 1138 creaverit,
665 1045 836 1126 scribunt.
884 1047 927 1120 ln
946 1047 1020 1120 hoc
1040 1045 1270 1124 consentiunt
1286 1049 1359 1146 legi

291 1143 375 1220 Dei.
427 1144 613 1239 Aliquanti
635 1146 740 1220 etiam
767 1148 839 1219 hoc
859 1146 1100 1237 addiderunt,
1136 1148 1235 1239 quod
1254 1147 1358 1224 Deua
1472 1181 1475 1188 ’

294 1242 421 1319 confla
448 1266 512 1338 por
539 1246 701 1318 Verbum
729 1244 830 1318 sunm
852 1246 1063 1334 &·fccerit,
1102 1246 1137 1318 δι
1162 1262 1287 1340 regat,
1323 1247 1359 1322 δι

293 1345 457 1418 Verbum
478 1344 550 1422 Dei
572 1345 636 1438 sit,
664 1366 737 1433 qno
765 1344 891 1420 cunita
916 1346 1162 1424 moderentur.
1212 1343 1255 1418 ln
1281 1347 1359 1422 hoe
1453 1425 1468 1454 f

292 1465 370 1522 non
392 1442 504 1518 solum
529 1445 598 1538 legi
614 1481 631 1526 ,·
657 1442 717 1515 sed
741 1447 846 1519 etiam
868 1442 1073 1539 Evangeliis
1096 1442 1255 1532 consona
1277 1441 1358 1518 scri·

292 1545 396 1617 bunt.
447 1542 599 1616 hloralis
615 1564 705 1616 vero
723 1541 757 1619 ht
773 1542 936 1636 physica,
963 1565 1040 1634 quae
1053 1544 1182 1618 dicitur
1200 1541 1358 1636 philoso-

290 1643 400 1738 phia,
426 1664 518 1735 pene
532 1644 677 1735 omnia,
692 1664 769 1734 quae
783 1642 902 1716 nostra
916 1641 1014 1734 sunt,
1037 1640 1202 1718 sentiunt
1255 1642 1355 1720 Diffi·

294 1742 382 1815 dent
401 1761 493 1814 vero
515 1744 681 1832 anobis,
719 1763 799 1816 cum
824 1743 908 1814 ileo
931 1742 1057 1816 dicunt
1083 1739 1152 1814 esse
1171 1744 1358 1846 pratariam

291 1855 519 1919 coaeternam.
572 1840 775 1930 Dissident,
813 1862 893 1915 cnm
919 1857 1051 1938 negant
1079 1840 1198 1916 Deum
1230 1861 1358 1916 curare

291 1942 485 2034 mortalia,
507 1939 570 2014 sed
595 1940 863 2034 providentiam
885 1941 960 2032 ejus
986 1939 1238 2033 supralunaris
1255 1941 1358 2038 globi

289 2039 399 2132 spatia
415 2036 590 2118 cohiberi.
623 2039 795 2117 Diffident
812 2041 976 2134 anobis,
1005 2062 1086 2114 cnm
1107 2040 1199 2113 vitas
1212 2039 1357 2114 nascen-

289 2142 380 2214 tium
402 2161 447 2215 ex
462 2138 640 2217 stellarum
655 2139 810 2213 cursibus
825 2139 997 2231 pendunt.
1048 2137 1246 2232 Dillident,
1271 2161 1358 2224 cum
1388 2165 1394 2231 ·,

291 2237 543 2331 sempiternum
557 2238 680 2312 dicunt
695 2239 791 2312 hunc
805 2240 985 2315 mundum
1012 2238 1160 2311 &nullo
1175 2235 1247 2320 fine
1261 2241 1369 2314 clau-.

291 2338 457 2411 dandum.
508 2336 579 2416 Sed
597 2338 630 2409 δι
648 2338 715 2416 alia
727 2338 878 2429 plurima
897 2336 998 2430 sunt,
1024 2338 1061 2414 io
1086 2338 1213 2428 quibus
1235 2337 1355 2416 nobis-

291 2458 400 2531 cum,
428 2439 487 2510 vel
509 2436 687 2527 diffident,
716 2437 778 2530 vel
799 2436 1039 2513 concordant.
1089 2435 1139 2513 Et
1158 2435 1243 2510 ideo
1264 2435 1357 2510 Abi·

289 2537 457 2628 melech,
483 2534 673 2609 secundum
690 2533 973 2631 hanc-figuram,
1008 2535 1198 2626 aliquando
1212 2535 1250 2608 in
1263 2559 1356 2631 pace
1456 2535 1459 2540 ’

291 2633 458 2710 effecum
476 2634 592 2726 Isaac,
618 2634 807 2732 aliquando
835 2633 991 2709 diffidere
1014 2629 1231 2709 describitur.
1284 2631 1356 2708 Sed

291 2735 326 2809 δι
342 2735 415 2808 hoc
432 2756 508 2807 non
521 2752 628 2828 puto,
640 2733 739 2825 quod
754 2731 875 2810 ociose
888 2731 1033 2825 Spiritui
1046 2730 1187 2823 sansio,
1202 2734 1262 2824 qui
1278 2733 1359 2808 haee
1431 2807 1436 2812 .

289 2831 434 2925 scribit,
468 2854 561 2909 curae
579 2833 689 2909 suerit
715 2832 1049 2924 comprehendere,
1078 2830 1176 2923 qnod
1197 2831 1270 2910 duo
1296 2832 1357 2908 alii

290 2954 371 3007 cunr
399 2931 611 3006 Abimelech
635 2932 827 3023 venerint,
861 2930 993 3025 idest,
1028 2931 1223 3011 Ochozath
1243 2952 1354 3028 gener

289 3033 388 3125 ejnr,
404 3032 576 3108 &Phicol
595 3030 667 3106 dux
682 3031 863 3104 exercitus
880 3031 966 3124 ejus,
1019 3028 1282 3125 Interpretatur
1296 3051 1357 3106 au·

290 3146 365 3204 tem
387 3131 606 3222 Ochozath,
645 3151 782 3216 tenens,
817 3130 852 3202 &
874 3129 1000 3204 Phicol
1019 3156 1049 3200 or
1071 3136 1221 3202 omnium.
1274 3127 1356 3230 lpse

288 3245 410 3305 autem
433 3229 671 3323 Abinelech,
695 3247 785 3325 paler
802 3255 888 3300 meus
903 3255 970 3302 rex.
1023 3229 1098 3328 Qui
1112 3241 1184 3303 tres
1204 3224 1268 3324 (ut
1282 3247 1354 3328 ego

289 3329 467 3426 arbitror)
486 3330 672 3424 imaginem
695 3331 809 3403 totius
830 3327 1066 3420 philosophiae
1086 3339 1238 3422 tenent,
1274 3349 1354 3420 quae

288 3428 381 3521 apud
395 3450 467 3516 ¹eos
489 3427 527 3501 in
544 3443 616 3501 tres
643 3442 762 3521 partes
785 3427 987 3520 dividitur,
1018 3426 1172 3522 logicam
1188 3480 1212 3519 ,.
1235 3423 1359 3521 physi-

290 3549 389 3618 cam,
417 3529 593 3619 ethicam,
618 3527 744 3615 idest,
769 3527 1003 3617 rationalem,
1029 3528 1250 3618 naturalem,
1276 3547 1357 3603 mo·

286 3628 397 3699 ralem
413 3626 611 3699 Rationalis
631 3625 681 3699 est
696 3627 777 3716 illa,
804 3647 881 3717 quae
896 3622 1015 3699 Deum
1036 3638 1172 3718 patrem
1194 3625 1355 3700 omnium

287 3723 516 3815 confitetur,
554 3739 596 3799 nt
623 3725 674 3800 est
699 3723 924 3802 Abimelech.
977 3722 1160 3798 Naturalis
1185 3724 1245 3796 illa
1271 3721 1353 3818 est,

287 3844 366 3915 qum
382 3823 454 3895 fixa
471 3824 540 3916 ost,
567 3825 602 3896 te
617 3839 720 3898 tenet
734 3824 877 3914 omnia,
901 3823 1006 3894 velut
1021 3837 1156 3898 naturae
1176 3821 1281 3913 ipsius
1301 3821 1355 3897 vi-

285 3924 384 3995 ribus
401 3924 541 4016 nitens,
568 3945 671 4014 quam
687 3920 881 4015 profitetur
904 3919 1122 4013 Ochozath,
1148 3919 1208 4009 q'ui
1222 3919 1353 3996 dicitur

285 4036 425 4097 tenens.
462 4023 616 4096 Moralis
633 4021 705 4114 est,
732 4042 809 4112 quae
828 4020 866 4094 in
887 4039 953 4094 ore
974 4018 1025 4096 est
1046 4020 1230 4109 omnium,
1257 4018 1356 4094 &ad

267 4141 415 4224 'omnes
443 4123 624 4216 pertinet,
657 4121 780 4215 &pro
811 4118 995 4194 communi
1018 4118 1249 4193 snnilitnrlina
1268 4137 1362 4203 praa-

794 4218 883 4315 R3
1204 4224 1340 4301 cepto·
