3417 4692
299 478 304 486 ·
435 446 500 525 tn
527 437 811 522 eunusrn
834 415 1114 522 nonium
1140 441 1192 520 v.
1270 403 1360 538 155

277 609 392 701 orno,
417 623 459 683 ut
476 605 628 682 nesciret
641 603 806 683 dormisse
824 605 859 682 se
873 595 1037 682 cumhlia
1051 606 1196 703 priore,
1222 589 1342 696 nequr'.¹

280 731 364 802 cum
380 709 451 783 iiiia
463 711 619 803 juniore.
633 781 636 788 ,
651 706 789 781 Audite
802 709 953 782 ebrietas
967 708 1051 800 quid
1069 721 1173 804 agat,
1199 704 1344 798 audite,

280 823 453 903 quantum
483 807 653 881 sacinoris
676 809 848 882 concistet
866 807 1086 882 temulentia.
1144 803 1280 878 Audite
1295 802 1341 874 ’δι

247 950 249 954 -
282 923 414 984 cavete
436 928 525 1001 vos,
542 909 668 999 quibus
684 906 773 982 istud
789 912 919 982 malurn
936 928 1012 981 non
1032 907 1069 979 in
1089 905 1257 996 crimine,
1284 898 1344 975 sed

279 1011 319 1083 in
339 1007 404 1082 usu
425 1008 487 1083 est.
537 1005 701 1081 Ebrietas
713 1007 872 1102 decipit,
900 1005 1268 1099 quemSodomanon
1284 995 1345 1076 de:

281 1109 392 1205 cepit.
444 1107 572 1181 Uritur
594 1109 654 1179 ille
674 1105 822 1181 flammis
840 1108 1051 1200 mulierum,
1078 1127 1183 1199 quem
1203 1102 1346 1195 sulphu-

285 1229 347 1282 rea
359 1206 498 1282 flamma
510 1228 587 1279 non
604 1207 691 1282 uffit.
741 1205 830 1279 Erat
844 1227 931 1302 ergo
946 1206 1046 1281 Loth
1061 1220 1158 1296 arte,
1183 1225 1260 1277 non
1277 1211 1346 1272 vo'·
1441 1211 1446 1216 ·

282 1309 423 1381 luntate
445 1308 628 1402 deceptus.
678 1304 767 1379 Ideo
786 1306 921 1381 medius
940 1306 1081 1398 quidam
1095 1305 1145 1380 est
1155 1307 1248 1377 inter
1262 1319 1346 1396 pec·

284 1423 427 1482 catores
449 1406 629 1500 &justum
657 1407 788 1501 quippe
802 1408 862 1498 qui
884 1426 930 1478 ex
946 1402 1101 1479 Abrahae
1124 1405 1267 1497 quidem
1283 1420 1346 1473 co·

307 1508 455 1580 natione
475 1504 722 1601 descenderit,
748 1506 786 1578 in
797 1505 964 1578 Sodomis
981 1519 1099 1579 tamen
1116 1503 1348 1596 habitaverit.

325 1627 381 1679 am
401 1608 436 1678 dt
451 1605 524 1678 hoc
544 1604 641 1697 quod
661 1604 783 1677 evadit
803 1625 848 1676 ex
867 1604 1034 1678 Sodomis
1052 1602 1163 1701 (sicut
1175 1604 1348 1698 scriptura

282 1704 439 1803 indicat)
461 1705 572 1800 magis
595 1703 639 1777 ad
657 1705 836 1778 honorem
854 1703 1030 1797 Abrahae,
1056 1726 1161 1799 quam
1181 1705 1224 1780 ad
1243 1704 1349 1776 meri·

284 1817 362 1878 tum
383 1803 541 1900 pertinet
562 1801 674 1878 Loth.
724 1801 783 1876 Sic
806 1805 899 1878 enim
919 1805 985 1880 ait:
1015 1807 1061 1877 Et
1072 1803 1200 1898 fotium
1213 1805 1269 1904 esi,
1296 1803 1348 1878 in-

285 1907 384 1998 quit,
411 1929 480 1975 cum
496 1910 724 1976 exterminaret
743 1908 832 1976 Deus
843 1908 995 1975 ciuitates
1010 1908 1227 1996 Sodomorum,
1254 1927 1350 1977 recor·

286 2005 380 2078 dotus
393 2004 434 2104 est
450 2009 608 2075 Dominus
621 2002 774 2099 Abrahae,
801 2002 840 2082 (5
854 2008 944 2101 ejecit
966 2008 1055 2088 Loth
1074 2009 1110 2078 da
1130 2023 1216 2077 terra
1234 2008 1298 2076 tta.
1346 2079 1350 2086 ,

305 2101 307 2106 ’
360 2128 394 2194 4.
420 2102 491 2178 Sed
515 2101 721 2178 &filiarum
745 2106 820 2197 ejus
838 2103 1062 2198 proposrtum
1087 2120 1180 2198 poto
1204 2107 1352 2201 diligen·

286 2203 359 2278 tius
380 2204 694 2297 considerandum,
719 2224 766 2277 ne
785 2203 883 2277 sorte
900 2206 1005 2278 etiarn
1021 2202 1102 2300 ipsae
1119 2226 1196 2280 non
1210 2219 1354 2284 tantum

288 2314 644 2400 quantumputatur‚
680 2303 843 2396 accipere
863 2304 1017 2377 criminis
1030 2321 1247 2381 mereantur.
1281 2305 1357 2390 Re,

286 2400 361 2476 fert
378 2403 472 2475 enim
493 2400 685 2496 scriptura,
711 2403 791 2498 quia
811 2401 980 2477 dixerunt
996 2404 1155 2479 invicem
1170 2405 1245 2484 srbi.
1292 2407 1354 2477 Po·

288 2507 356 2591 ter,
383 2501 569 2597 inquiunt,
595 2503 694 2598 nofler
709 2510 806 2590 senex
820 2502 879 2599 ιβ,
904 2504 943 2578 U
958 2527 1048 2573 nemo
1060 2504 1100 2601 est
1109 2507 1204 2602 super
1221 2501 1357 2590 terram‚'

261 2692 265 2699 ι
288 2609 345 2702 qui
365 2604 470 2674 intret
488 2605 528 2673 od
550 2627 627 2689 nos,
645 2602 729 2698 ficut
749 2606 901 2674 convenit
915 2605 1003 2673 omni
1017 2620 1121 2675 terra.
1180 2603 1289 2692 Veni,
1313 2600 1356 2678 δ’

285 2717 427 2800 potemur
443 2720 570 2800 patrem
586 2701 725 2799 nostrum
746 2705 850 2795 vino,
876 2699 1125 2780 &dormiamus
1147 2727 1215 2774 cnm
1237 2728 1288 2788 eo,
1316 2709 1356 2780 θ’

290 2803 472 2890 lust-iremus
488 2803 523 2872 de
534 2819 627 2898 putre
640 2801 741 2899 noflro
754 2802 872 2894 semen.
925 2801 1109 2899 Quantum
1129 2802 1171 2874 ad
1190 2824 1253 2896 ea,
1280 2823 1359 2894 quae

292 2900 337 2975 de
356 2901 410 2975 his
433 2900 521 2974 dicit
545 2900 739 2995 scriptura,
777 2900 926 2974 videtur
950 2903 1055 2975 etiam
1080 2921 1148 2994 pro
1166 2903 1246 2995 ipsis
1268 2922 1358 2994 qoo-

292 3000 486 3074 dammodo
510 3000 724 3077 satisfacere.
775 3000 940 3094 Apparet
964 3021 1117 3092 namque
1142 2998 1231 3075 filias
1257 2999 1360 3076 Loth

293 3083 451 3198 didicisse
474 3101 631 3193 quaedam
663 3101 707 3174 de
740 3100 1051 3174 consummatione
1077 3100 1199 3174 mundi
1218 3111 1237 3192 ,’
1280 3107 1361 3192 quae'
1417 3161 1430 3185 χ

292 3189 495 3274 immineret
511 3201 730 3296 perignem,
765 3198 823 3273 sed
844 3213 1011 3290 tanquam
1032 3201 1159 3293 pueilae
1174 3221 1250 3273 non
1270 3201 1361 3273 inte·

295 3317 358 3394 gre
377 3297 605 3392 persedeque
621 3299 833 3390 didicerant,
851 3298 1068 3392 nescierunt,
1085 3299 1182 3389 quod
1194 3298 1361 3375 Sodomi·
1457 3314 1459 3319 ·

295 3399 376 3470 ticis
394 3397 599 3494 regionibus
613 3400 695 3496 igne
709 3398 877 3493 vastatis,
902 3399 1052 3471 multum
1064 3398 1180 3473 adhuc
1195 3399 1294 3492 spatii
1309 3402 1362 3472 in·

294 3507 438 3592 tegrum
462 3497 632 3572 resrderet
656 3499 693 3571 in
718 3498 867 3588 mundo.
918 3495 1127 3571 Audierunt
1143 3499 1186 3571 ‘in
1207 3493 1280 3571 fine
1304 3497 1362 3572 sate
1465 3521 1468 3526 ·

298 3598 370 3664 cuii
384 3612 515 3669 terram
530 3599 564 3671 δι
579 3597 701 3671 omnia
715 3599 894 3673 elementa
908 3597 997 3692 ignis
1015 3598 1145 3671 ardore
1158 3596 1363 3689 decoquen-

299 3691 356 3765 da.
406 3689 590 3770 Videbunt
607 3700 747 3793 ignem,
773 3695 948 3771 videbant
966 3696 1169 3790 sulphureas
1188 3695 1362 3791 flammas,

297 3788 475 3864 uidebant
490 3794 613 3867 cunda
626 3795 768 3873 vastari.
816 3793 975 3868 Matrem
992 3816 1138 3890 quoque
1157 3793 1250 3868 suam
1262 3796 1363 3867 vide·

299 3889 389 3964 bant
410 3907 487 3960 non
510 3887 580 3962 esse
604 3893 797 3989 salvatam,
835 3889 1015 3986 suspicata
1038 3887 1119 3968 sum
1140 3897 1211 3966 tale
1230 3891 1364 3984 aliquid

299 3987 455 4079 fastum,
481 3990 583 4080 quale
605 3990 643 4063 in
665 3992 890 4089 temporibus
918 3991 1102 4066 audierant
1122 3991 1230 4082 Noe,
1258 3993 1364 4068 &ob
1467 4027 1472 4036 ·

300 4087 535 4186 reparandam
548 4093 753 4170 mortalium
771 4089 1022 4190 posteritatem
1034 4090 1131 4168 soiaa
1144 4091 1187 4166 se
1199 4091 1276 4163 ehe
1291 4109 1387 4159 eum

825 4185 921 4284 Ne
996 4251 999 4256 .
1069 4267 1073 4280 ,
1215 4205 1355 4284 pateo·
