3417 4692
618 315 1104 479 1nsxonum
1317 389 1388 468 „7

329 517 522 611 hilominus
533 518 717 628 triplicem
735 520 840 605 etiam
861 525 1058 623 malorum,
1085 547 1166 606 cum
1190 531 1300 605 dicite
1329 536 1388 604 La·-

322 645 413 732 μα’,
440 634 587 727 fenum,
611 627 774 728 stipulam.
825 630 883 703 lsti
910 651 997 727 ergo
1018 634 1109 703 temi
1134 633 1285 705 statores
1307 631 1389 707 sunt

311 771 313 776 ·
328 735 463 832 Angeli
478 753 630 824 nequam
645 733 689 806 de
698 730 860 803 exercitu
870 729 1077 821 Pharaonis,
1089 729 1258 821 quillant
1272 734 1309 804 in
1324 734 1389 806 bu·

321 833 521 927 juscemodi
545 833 636 924 viis,
662 827 897 904 observantes
917 843 1204 921 unumquemque
1225 831 1387 906 nostrum

325 953 392 1027 per
407 936 482 1007 haec
497 934 566 1004 iter
588 929 693 1027 ag‘e‘re
711 931 750 1002 in
765 944 979 1024 peccatum,
1006 949 1098 1021 quos
1120 929 1290 1027 demergit
1307 930 1386 1005 Do·

324 1036 440 1107 minus
451 1033 650 1104 insubrum
663 1039 780 1121 mare,
800 1028 965 1126 &ignitis
982 1048 1047 1100 sos
1063 1030 1099 1101 in
1112 1029 1236 1120 judicii
1248 1029 1306 1103 die
1320 1029 1386 1104 flu·
1422 1101 1425 1108 .

328 1132 441 1205 uibus
459 1131 598 1222 tradet,
628 1150 669 1201 ac
683 1147 864 1223 poenarum
883 1127 1011 1224 pelago
1028 1141 1146 1222 teget,
1171 1129 1251 1202 fita
1266 1130 1386 1206 Deum

323 1231 482 1324 sequens*
493 1231 537 1302 de
559 1243 683 1301 eorum
700 1240 738 1301 te
754 1226 934 1320 potestate¹
952 1225 1178 1302 subtraxeris.

397 1354 433 1421 4.
462 1331 657 1402 Deciderunt
673 1333 710 1397 in
729 1326 926 1424 profundunt
942 1331 1025 1423 quaji
1040 1333 1135 1423 'lapis
1186 1329 1309 1423 Quare
1324 1326 1386 1401 de·

310 1426 492 1503 ¹*ciderunt
514 1430 552 1502 in
580 1425 797 1520 profundum
826 1436 993 1517 tanquam
1021 1423 1146 1518 lapis'l
1188 1429 1284 1526 Quia
1305 1447 1385 1501 non

326 1542 430 1603 erant
454 1530 543 1602 tales
563 1527 723 1620 lapides,
762 1527 954 1618 dequibus
980 1522 1134 1600 suscitari
1159 1525 1301 1621 poliant
1322 1521 1390 1601 filli

325 1627 506 1715 Abrahae.;
539 1626 597 1699 sed
622 1628 733 1719 tales,
767 1625 828 1717 qui
848 1636 1008 1698 amarent
1026 1625 1266 1719 profundum,
1293 1625 1387 1699 &p

326 1726 470 1818 quidum
487 1728 675 1819 diligerent
695 1727 931 1817 elementum,
957 1725 993 1796 id
1010 1724 1081 1818 est,
1108 1725 1167 1815 qui
1184 1744 1334 1800 amaram
1350 1725 1387 1799 bt

324 1825 454 1918 fluxam
471 1825 692 1919 praesentium
713 1837 831 1898 rerum
848 1835 1019 1917 caperent
1041 1823 1278 1916 voluptatem
1309 1823 1387 1899 Un-

313 1921 370 1999 'de
393 1927 426 1999 &
448 1926 491 1999 de
509 1926 587 2018 ipfis
609 1921 759 1996 dicitur}
798 1925 934 2016 Demerss
950 1923 1033 2012 sun!
1054 1939 1209 2021 tanquam
1228 1925 1389 2020 plumbum

324 2032 362 2097 in
378 2041 491 2124 aquam
506 2022 746 2116 valiaffimam.·
792 2022 1007 2120 Peccatores
1025 2043 1153 2119 graves
1167 2020 1259 2101 sunt.
1311 2025 1387 2100 Da·

324 2117 434 2217 nique
452 2125 485 2198 ba
501 2125 665 2215 iniquitas
683 2121 786 2216 super
803 2125 975 2222 talentum
992 2124 1126 2217 plumbi
1145 2119 1267 2197 sedere
1283 2146 1387 2200 mon·

314 2226 473 2319 “stratum
508 2225 597 2299 ficut·
610 2223 802 2296 Zacharias
833 2222 1148 2318 Propheta-diuiti
1192 2227 1297 2315 Vidi,
1332 2228 1385 2302 ine

323 2326 423 2416 quit,
458 2325 616 2395 mulierem
626 2325 782 2410 sedentem
792 2325 886 2420 super
909 2331 1062 2396 talantum
1073 2325 1212 2421 plumbi,
1237 2328 1278 2404 U
1296 2330 1386 2403 dixi:
1416 2361 1421 2367 ·

297 2425 300 2432 ’
326 2431 407 2518 Qua
425 2426 465 2522 esi
482 2423 572 2494 bec'?
609 2425 655 2495 E!
677 2424 856 2518 responait:
883 2428 1060 2520 'iniquirant
1085 2455 1088 2460 ·
1110 2419 1199 2497 Inde
1223 2426 1274 2500 6st
1296 2441 1386 2525 ergo

313 2524 429 2614 ·quod
448 2521 556 2613 iniqui
576 2521 721 2595 demersa
747 2513 825 2594 sttot
842 2524 879 2594 ib
901 2522 1140 2615 profundum,
1167 2524 1256 2598 ficut
1275 2529 1388 2619 plum-

326 2621 412 2694 bum
427 2622 463 2692 in
480 2635 603 2711 aquam
619 2611 868 2695 validlffimam.
893 2619 1009 2694 Sanffl
1025 2623 1234 2697 autemnon
1250 2625 1387 2701 demer-

317 2727 480 2816 ¹guntur,
507 2718 564 2792 sed
580 2720 760 2792 ambulant
779 2710 883 2812 supet
904 2740 1033 2813 aquas,
1060 2725 1141 2812 quia
1157 2725 1258 2798 levas
1280 2723 1385 2823 sunt,
1463 2719 1468 2726 ’

328 2819 516 2911 &peccati
534 2819 694 2911 pondere
715 2831 791 2891 non
814 2829 1021 2914 gravantur.
1072 2821 1237 2915 Denique
1259 2821 1387 2902 Domi·

314 2929 394 2993 nus
420 2917 639 2991 &Salvator
659 2917 781 2991 noster
802 2916 905 3014 super
927 2939 1034 3009 aquas
1050 2923 1256 2999 ambulavit.
1306 2922 1388 3020 Iplt
1467 2959 1470 2965 ·

329 3017 380 3093 est
411 3019 524 3110 enim,
551 3018 610 3110 qui
630 3039 719 3090 vere
738 3017 1068 3110 peccatum'noscit.
1088 3017 1332 3097 ---Ambulavit
1352 3026 1387 3100 bt

329 3118 519 3212 discipulus
544 3119 620 3210 ejus
643 3116 796 3210 Petrum
827 3120 915 3190 licet
932 3117 1115 3212 paululum
1138 3122 1387 3214 trepidaverit.

316 3217 420 3292 ¹Non
439 3218 533 3290 enim
550 3227 670 3291 tantus
692 3229 769 3289 erat
789 3231 830 3289 ac
850 3219 952 3309 talis,
976 3222 1036 3309 qui
1057 3221 1146 3293 nibil
1171 3217 1388 3303 omninode

327 3315 445 3411 specie
464 3318 599 3409 plumbi
617 3317 655 3388 in
669 3314 704 3390 se
722 3317 873 3392 haberet
890 3317 1104 3394 admixtum·
1148 3321 1313 3418 Habuit,
1329 3328 1405 3400 -Ην

329 3430 389 3491 cet
409 3433 543 3512 parum.
593 3415 748 3512 Ptopter
769 3416 889 3510 quod,
916 3417 1004 3489 dicit
1024 3419 1067 3491 ad
1082 3439 1162 3494 eum
1185 3420 1385 3502 Dominus:

328 3518 569 3608 Moiicaefidei,
594 3531 691 3614 quare
707 3512 879 3613 dubitasti?
903 3515 1043 3591 Idcirco
1063 3520 1073 3591 i
1100 3521 1171 3592 itur
1190 3523 1250 3614 qui
1268 3522 1386 3600 salum

329 3613 395 3710 fit,
421 3634 486 3710 per
505 3619 623 3713 ignem
647 3613 763 3689 salvus
780 3615 846 3709 fit,
871 3618 954 3691 utfi
976 3618 1060 3709 quid
1076 3541 1178 3694 {otte
1203 3623 1249 3694 de
1270 3622 1386 3718 specie

328 3715 464 3809 plumbi
487 3716 654 3812 habuerit
669 3715 896 3802 admixtum,
914 3716 964 3790 ¹id
985 3719 1080 3814 ignis
1108 3720 1312 3818 decoquat,
1350 3726 1387 3799 aa

327 3815 508 3909 resolvat,
534 3829 577 3888 ut
597 3812 793 3888 efficiantur
817 3833 943 3888 omnes
962 3837 1085 3891 aurum
1109 3821 1270 3895 bonum:
1303 3827 1388 3916 quia
1481 3883 1484 3902 .

316 3925 451 3987 aurum
465 3917 690 4006 terruimus,
716 3915 852 3988 bonum
862 3913 1088 4010 elladicitur,
1110 3939 1214 4011 quam
1230 3922 1386 3999 habituri

327 4011 409 4089 sunt
426 4012 551 4124 fausti,
577 4014 716 4096 &ficut
729 4012 864 4090 iomax
876 4018 1014 4110 probat
1031 4035 1178 4116 aprum3
1201 4020 1249 4095 fic
1270 4023 1388 4098 homi.

1271 4143 1339 4197 nea
1416 4129 1484 4198 .'
