3417 4692
335 377 350 422 ι
483 363 550 442 nu
577 351 863 462 esuesn‘t
886 361 1165 482 noutnm
1189 365 1235 445 n.
1312 389 1383 470 159

322 529 467 623 bestiis,
493 550 570 620 que
593 547 673 602 cum
690 548 737 600 eo
758 527 1000 622 introierunt,
1024 529 1105 602 audi
1125 551 1172 606 ex
1185 532 1271 628 his,
1303 557 1382 628 quae

322 630 504 704 Dominus
525 628 613 700 dicit
633 629 676 701 ad
692 627 800 702 Noe:
830 623 906 706 n«,
930 625 1068 722 inquit,
1090 637 1188 726 accipe
1204 639 1263 704 ribi
1279 637 1381 734 ipssal

323 731 468 802 omnibus
483 729 575 818 escis,
600 729 837 826 praedantur,
863 729 903 804 ὅ
916 730 1106 823 congregabis
1120 733 1162 801 ad
1174 738 1379 832 temetipsum,

324 827 365 906 δ’
387 845 485 900 eruut
503 828 564 900 tibi
581 827 621 904 <5
644 829 711 924 ipfis
736 828 776 899 ad
797 829 964 934 edendumr
1017 829 1129 930 Quod
1152 845 1270 908 autem
1292 833 1381 910 fecit

324 929 413 1002 Noe
432 950 493 1022 ea,
517 948 597 1020 quae
612 927 784 1021 praecepit
802 929 835 1001 ei
849 927 1049 1021 Dominus,
1075 930 1155 1002 audi
1172 930 1381 1027 scripturam

323 1029 523 1101 dicentem:
552 1029 598 1099 Et
608 1027 710 1119 fecit,
727 1029 862 1120 inquit,
891 1031 1100 1116 Nasounia,
1122 1041 1381 1128 quapraecepitei

327 1133 486 1200 Dominus
507 1134 612 1216 Deus,
635 1127 772 1222 defecit.
822 1126 915 1204 Sane
929 1128 1028 1221 quod
1045 1127 1213 1222 detocis,
1240 1153 1317 1224 quae
1330 1134 1381 1212 die

325 1231 442 1302 ximus
464 1226 508 1322 ad
528 1223 650 1302 fimum
673 1225 875 1301 animalium
893 1226 1072 1321 separata,
1097 1226 1270 1321 scriptura
1291 1235 1381 1314 nillil

324 1327 485 1422 retulit,⁸
498 1322 556 1398 sed
574 1327 720 1400 traditio
738 1339 861 1419 tenet,
886 1343 1070 1420 oportune
1084 1329 1266 1402 videbitur
1277 1331 1381 1424 super

325 1425 401 1499 hoc
419 1426 578 1499 habitum
597 1425 665 1499 etse
681 1426 877 1521 silentium5
895 1427 948 1502 ,de
964 1447 1036 1519 quo
1059 1425 1270 1502 sufficienter
1294 1452 1384 1505 con·

324 1524 517 1617 sequentia
533 1525 636 1617 ipsius
651 1528 744 1598 ratio
759 1525 920 1601 doceret.
969 1525 1020 1600 Et
1035 1527 1116 1620 quia
1130 1525 1172 1599 ad
1192 1527 1384 1621 spiritatem

323 1624 592 1720 intelligentiam
607 1628 722 1698 minus
742 1625 847 1721 digne
860 1639 1006 1720 poterat
1022 1628 1154 1720 aptari,
1179 1631 1381 1704 meritoer·

266 1789 270 1796 .
324 1745 374 1820 go
389 1723 559 1896 scrigtura
572 1725 663 1824 siluit
676 1726 720 1798 de
735 1725 829 1819 hoc,
856 1747 933 1816 quae
944 1729 1052 1822 magis
1069 1730 1291 1804 narrationes
1303 1730 1380 1810 suas

320 1825 448 1922 intelle
484 1825 561 1896 ibus
578 1823 777 1921 allegoricis
795 1839 953 1920 coaptat
992 1825 1250 1902 Verumtamen
1271 1850 1381 1921 quan·

323 1933 407 1997 tum·
417 1926 460 1995 ad
475 1923 711 1999 necessitatem
729 1923 975 2018 pluviarum&
990 1923 1115 1999 diluvii
1128 1923 1276 2020 speon,
1303 1931 1381 2002 nul·

322 2025 359 2096 la
380 2025 504 2116 potuit
534 2035 606 2100 tam
633 2023 856 2098 conveniens
884 2024 918 2097 dt
947 2045 1108 2122 congrua
1130 2047 1219 2099 arce
1244 2025 1379 2124 species

324 2121 431 2215 dari‚'
449 2142 552 2214 quam
571 2139 613 2195 ut
630 2121 799 2197 esummo
820 2125 924 2219 velut
942 2147 962 2197 e
980 2125 1078 2198 testo
1097 2125 1250 2218 quodam
1266 2127 1305 2202 in
1319 2149 1380 2203 an·

321 2219 461 2318 gustut'n
484 2223 626 2296 eulmen
652 2223 781 2296 edudio
800 2221 1019 2298 diffunderet
1041 2224 1207 2302 imbrium
1230 2229 1380 2323 ruinas,

322 2323 358 2394 ἀ
376 2322 499 2400 imain
526 2321 623 2413 aquis
648 2325 817 2415 quadrata
839 2321 1029 2402 stabilitate
1054 2325 1277 2419 consistens,
1309 2348 1380 2404 nee

320 2418 471 2512 impulsu
494 2437 715 2516 ventorum,
752 2441 821 2496 nec
837 2422 975 2520 impetu
1000 2421 1174 2510 lluttuum
1186 2477 1200 2516 ,
1238 2445 1308 2500 nee
1325 2428 1381 2504 in·

324 2518 531 2612 quietudine
563 2520 784 2616 animalium,
817 2542 894 2614 quae
925 2519 1134 2620 intrinsecus
1152 2538 1290 2622 erant,
1306 2523 1379 2602 ¹aut

319 2619 485 2692 inclinari
504 2619 641 2715 posset,
668 2636 729 2693 aut
747 2623 891 2718 mergi·
1038 2631 1070 2636 ““
1367 2635 1370 2640 “

401 2739 434 2793 2.
461 2716 530 2793 Sed
548 2722 601 2793 his
617 2721 781 2794 omnibus
799 2723 902 2793 'tanta
926 2731 1003 2794 arte
1016 2720 1253 2816 'compositis,
1286 2723 1377 2818 obji-

324 2820 426 2890 ciunt
443 2820 582 2909 quidam
604 2819 841 2912 qnaelliones,·
864 2817 1100 2913 &praecipue
1119 2817 1287 2918 Apelles,
1315 2823 1378 2916 qui

322 2913 395 2990 fuit
410 2917 603 3012 discipulus
616 2919 757 3011 quidem
777 2919 997 3012 Marcionis,
1023 2919 1082 3000 sed
1099 2923 1243 3001 alterius
1266 2924 1376 2998 haere·

320 3014 401 3089 sens
416 3021 545 3118 magis,
565 3041 668 3110 quarn
680 3023 776 3112 ejus,
796 3041 899 3110 quam
915 3041 935 3091 a
952 3021 1115 3116 magistro
1131 3020 1299 3115 suscepit,
1324 3024 1377 3096 in·

322 3121 487 3190 ventor.'
518 3112 553 3191 Is
575 3139 661 3214 ergo
688 3121 770 3192 dum
798 3118 962 3214 assignare
981 3122 1080 3214 cupit
1106 3119 1233 3213 scripta
1254 3121 1378 3214 Moysi

319 3215 410 3302 nihil
433 3216 473 3289 in
495 3214 531 3291 se
559 3217 688 3292 divine
708 3215 914 3312 sapientie,
948 3219 1107 3313 nihilque
1129 3223 1249 3316 operis
1271 3219 1378 3295 sanni

558 3369 560 3374 -
1156 3347 1160 3354 ·
1219 3321 1324 3414 Spiri-

524 3549 526 3554 .
602 3569 610 3584 .
663 3467 860 3553 Vnsto
884 3495 1031 3553 novo.

320 3617 420 3689 misia
437 3615 608 3710 cubitorum
626 3617 818 3716 nostrorum,
839 3619 1051 3718 stmiliterqut
1072 3625 1111 3690 in
1128 3619 1300 3710 latitudine
1321 3620 1379 3692 duo

320 3721 402 3788 mise
416 3717 584 3816 quingenti
594 3717 693 3789 trebiri
705 3716 744 3796 (i
761 3727 798 3789 in
810 3721 987 3792 altitudine
1001 3726 1164 3816 nongenti.
1214 3719 1377 3812 Absurdiss

312 3819 426 3915 fimum
445 3841 578 3914 namque
596 3811 670 3910 effet-
687 3843 776 3906 eum,
800 3824 858 3918 geli
877 3824 1019 3892 eruditus
1031 3820 1145 3911 fuerat
1165 3823 1205 3888 in
1224 3826 1312 3914 omni
1322 3820 1375 3910 so

314 3921 441 4014 pientia
459 3917 686 4014 AEg'yptr'srum
708 3917 1165 4016 geometrica‘peritffnrorum
1190 3918 1376 4016 hominum,

317 4023 434 4116 quique
454 4019 496 4099 r'n.
513 4021 628 4091 aditus
648 4025 742 4114 regiis
760 4021 906 4092 educatus
920 4019 1060 4113 fuerat,
1091 4045 1158 4092 non
1179 4015 1289 4109 uidrffe
1310 4035 1374 4092 tre·

1222 4136 1329 4191 tentos
