3417 4692
325 371 442 523 ‘sss'
690 397 1103 512 orrroturs
1188 421 1190 426 ’

365 569 545 653 adiuves,
582 562 758 666 &accepit
784 567 936 640 vitulum.
986 565 1057 642 Sed
1081 569 1220 663 qualem
1243 571 1426 646 vitulum?

366 667 482 746 Forte
500 666 558 758 qui
571 667 693 759 potuit
706 667 839 772 primus
857 669 1076 744 occurrere?
1102 667 1214 743 Νοιι
1205 684 1272 762 ιιι,
1297 671 1357 746 sed
1372 673 1425 744 vi-

366 768 527 842 tulumb
522 792 612 836 unum
630 766 834 844 strenarum.
872 764 921 841 Et
938 770 1025 841 iicet
1040 790 1104 863 per
1124 769 1425 866 cunuafestmet

365 863 433 944 scit
452 881 590 944 tamen,
609 889 685 958 qnae
703 868 880 962 precipua
895 867 928 940 dr
945 890 1071 966 magna
1091 868 1170 944 sunt
1184 869 1347 945 Domino
1366 874 1427 948 vel

365 965 514 1061 Angelis
531 965 727 1042 offerenda.
778 964 932 1062 Accepit
948 989 1035 1066 ergo
1056 972 1117 1043 vel
1133 971 1240 1068 elegit
1256 970 1300 1045 de
1313 983 1425 1068 grege

365 1068 522 1139 vitulum
536 1065 1095 1162 bonumdtenerum,drtradrdrt
1106 1089 1232 1162 puero
1263 1073 1383 1156 Puers
1373 1093 1425 1146 ιιι-

366 1168 536 1272 quius
484 1165 640 1262 festinam
644 1185 657 1236 ι
631 1170 774 1265 rsacere
790 1192 871 1240 eum
902 1165 979 1263 lpse
994 1169 1128 1264 currit,
1152 1191 1247 1243 uxor
1262 1169 1425 1264 festinat,

364 1287 456 1360 puer
472 1269 657 1346 acceierat
710 1267 841 1342 Nullus
867 1268 966 1364 piger
986 1267 1070 1342 est
1059 1269 1227 1342 rodomo
1247 1268 1424 1362 sapientis.

364 1364 534 1461 Apponit
554 1388 641 1462 ergo
656 1367 824 1460 vitulum,
851 1367 997 1444 &simul
1014 1389 1105 1444 cum.
1117 1389 1164 1441 eo
1178 1391 1311 1464 panes,
1338 1369 1372 1442 dr
1388 1369 1428 1442 s

363 1468 508 1557 milam,
535 1464 594 1538 sed
612 1467 645 1539 dr
661 1468 717 1539 lac
737 1467 969 1562 &butyrum
1016 1468 1106 1544 Haec
1122 1466 1202 1542 sunt
1216 1465 1370 1544 Abrahae
1389 1469 1425 1542 dt

363 1563 715 1660 ¹Sarrehospitalitatis
731 1565 859 1644 officia
882 1567 993 1643 Nunc
1007 1569 1189 1644 videamus
1192 1567 1302 1660 ,quid
1317 1570 1425 1643 etiam

363 1647 476 1747 Loth
513 1667 584 1740 Hic
599 1688 717 1758 neque
732 1667 874 1742 similam
888 1668 1019 1758 habet,
1044 1689 1161 1762 neque
1179 1689 1307 1763 panem
1321 1689 1424 1742 muu-

364 1767 470 1858 dum,
498 1765 553 1839 sed
570 1767 730 1840 farinam
779 1765 911 1858 Neque
931 1778 1004 1842 tres
1023 1767 1200 1842 mensuras
1226 1759 1359 1842 simile
1358 1789 1423 1840 no·

363 1867 443 1958 vit,
468 1863 805 1970 nequeipxpuprec,
831 1868 867 1940 id
886 1865 936 1941 est
952 1867 1207 1961 absconditos,
1241 1885 1283 1942 tc
1304 1867 1424 1962 mysti-

362 1985 429 2054 tos
447 1987 555 2060 panes
573 1988 755 2062 apponere
779 1968 1006 2040 venientibus
1020 1965 1151 2060 potest

438 2089 470 2138 2.
497 2067 565 2136 Sed
580 2064 933 2159 persequemurnunc
949 2066 1092 2140 interim
1099 2065 1213 2158 ,quid
1229 2063 1424 2163 agitAbra·

360 2166 444 2242 ham
473 2186 554 2237 cum
579 2166 692 2238 tribus
719 2165 832 2260 viris,
880 2165 942 2261 qui
967 2166 1178 2256 adstiterunt
1201 2164 1304 2260 super
1328 2188 1423 2244 eum.

362 2263 450 2342 Hoc
467 2262 578 2356 ipsum
594 2265 700 2359 vide,
717 2264 820 2357 quale
832 2265 895 2358 fit,
924 2267 1022 2357 quod
1038 2265 1141 2359 super
1154 2287 1235 2342 eum
1249 2268 1425 2360 veniunt,

360 2384 439 2440 non
454 2379 582 2437 contra
597 2386 689 2441 eum.
714 2363 924 2459 Subjecerat
939 2364 974 2440 se
989 2365 1120 2459 quippe
1139 2367 1319 2438 voluntati
1335 2365 1422 2458 Dei,

360 2463 446 2540 ideo
466 2462 664 2556 supereum
689 2463 822 2539 adstare
839 2467 969 2539 dicitur
987 2466 1099 2541 Deus
1152 2464 1318 2558 Apponit
1332 2485 1421 2562 ergo

357 2585 471 2660 panes
495 2566 609 2638 tribus
633 2562 802 2639 mensuris
829 2563 1026 2662 similaginis
1054 2562 1275 2660 conspersos.
1325 2563 1422 2639 Tres

360 2663 464 2738 uiros
482 2663 653 2758 suscepit,
680 2666 793 2740 tribus
809 2663 978 2740 mensuris
994 2665 1017 2738 s
1007 2665 1194 2764 mrlagrms
1210 2685 1319 2758 panes
1334 2684 1422 2738 con·

359 2761 493 2860 spersrt.
544 2762 703 2844 ',sotum
729 2765 826 2858 quod
850 2767 922 2862 agit
938 2764 1143 2859 mysticum,
1170 2779 1290 2838 totum
1310 2761 1420 2836 suera-

359 2865 490 2942 mentis
527 2865 704 2956 repletum
741 2863 802 2941 est.
880 2864 1088 2962 Apponitur
1128 2865 1291 2957 vitulus,
1334 2885 1422 2938 ecce

360 2964 455 3038 eliud
489 2961 753 3044 sacramentum
811 2965 958 3039 Vitulus
986 2963 1057 3059 ipse
1091 2985 1167 3038 non
1200 2963 1253 3038 est
1286 2962 1422 3057 durus,

358 3061 419 3140 sed
442 3065 560 3138 bonus
589 3063 623 3138 dr
657 3077 769 3141 tener.
831 3061 881 3138 Et
905 3062 988 3158 quid
1013 3078 1085 3138 tam
1108 3077 1302 3156 tenerum,
1336 3063 1420 3155 quid

357 3179 433 3240 tam
455 3164 616 3256 bonnm,
657 3186 760 3256 quam
784 3163 835 3238 est
856 3165 940 3256 ille,
975 3166 1034 3256 qui
1061 3164 1263 3240 humiliavit
1284 3162 1319 3237 se
1348 3183 1418 3256 pro

357 3265 465 3340 nobis
483 3261 593 3353 usqne
611 3263 654 3336 ad
671 3279 847 3357 mortem,
876 3264 908 3338 dr
932 3265 1081 3339 animam
1096 3262 1189 3338 suam
1210 3260 1329 3359 posuit
1352 3281 1421 3356 pro

356 3364 479 3438 amicis
499 3361 593 3436 suis?
619 3364 766 3439 Vitulus
780 3363 1044 3460 iliesaginatus,
1062 3384 1167 3458 quem
1184 3383 1253 3458 pro
1266 3375 1419 3456 recepto

356 3467 556 3560 poenitente
578 3461 654 3536 filio
671 3465 808 3564 jugulat
835 3478 949 3560 pater
1002 3467 1058 3534 Sic
1079 3463 1173 3537 enim
1197 3467 1284 3536 Deus
1311 3465 1425 3533 ditexit

356 3565 455 3640 hunc
475 3565 643 3651 mundum,
670 3582 706 3636 ut
722 3566 830 3656 filium
848 3567 942 3652 suum
966 3569 1096 3634 unicum
1117 3565 1210 3635 duret
1225 3582 1295 3655 pro
1315 3563 1420 3653 hujus

236 3733 240 3738 .
355 3665 480 3742 mundi
497 3665 584 3738 vita.
632 3615 718 3738 'Nec
735 3681 853 3740 tamen
866 3663 958 3738 latet
970 3660 1183 3758 sapientem,
1201 3683 1293 3754 quos
1311 3586 1421 3734 snche·

355 3765 463 3860 perit.
496 3763 629 3836 Tribus
645 3767 806 3837 occurrit
817 3817 829 3858 ,
792 3763 1011 3838 tdrunum
1029 3762 1178 3853 adorat,
1206 3761 1300 3834 &ad
1308 3783 1419 3834 unum

355 3865 532 3956 loquitur
537 3863 678 3936 dicens:
711 3865 845 3935 Decima
867 3866 907 3933 ad
923 3885 1057 3959 puerum
1071 3879 1180 3945 tuum,
1208 3861 1246 3936 U
1268 3861 1421 3955 refrigera

356 3980 390 4036 te
409 3966 462 4047 [ab
479 3962 593 4034 arbore.
647 3962 716 4036 Sed
731 3963 923 4078 quomodo·
935 3961 1057 4036 addit
1047 3977 1177 4034 rterunr
1196 3961 1289 4052 quast
1308 3961 1422 4034 homi-

353 4063 461 4142 nibus
476 4063 658 4156 loquens?
683 4065 889 4164 Accipiunt,
913 4062 1050 4158 inquit,
1074 4089 1180 4170 aqua,
1206 4061 1245 4140 di
1267 4063 1352 4232 lauder
1343 4079 1423 4134 ntur

1283 4181 1319 4259 pt
1339 4185 1370 4232 es
