3417 4692
383 362 459 442 ,μ
552 353 574 368 ··
707 337 1114 424 on1ntn1s

380 505 537 600 AEgpplr'i
545 502 628 593 lilios
644 503 741 594 sjrael
754 504 935 593 violenter,
961 505 1000 584 di
1010 503 1197 600 affligebant
1208 509 1315 580 viram
1331 495 1442 586 'erran

382 612 422 676 ier
443 605 582 700 operibus
605 605 724 692 duris,
749 606 817 675 luto
844 603 885 682 U
906 607 1031 693 selme,
1057 608 1095 684 ss
1114 606 1256 680 omnibus
1281 610 1441 705 operibus,

305 709 308 720 '
381 729 448 803 qua
467 708 612 776 arentin
628 711 763 801 campis,
787 705 823 779 in
840 703 968 796 quibus
986 707 1151 780 omnibus
1172 708 1211 780 in
1227 706 1441 788 servitutem

381 826 449 880 eos
472 803 682 900 redigebant
704 824 785 878 cum
811 808 862 881 vi.
923 803 1076 880 Intende
1102 825 1190 904 ergo
1213 806 1441 906 diligentius,

257 955 259 960 -
380 904 570 998 quomodo
591 902 736 979 Hebraei
753 902 954 980 scribuntur
973 905 1156 980 violenter
1175 905 1213 979 in
1228 905 1439 986 servitutem

379 1003 534 1096 redatbi,
561 1004 687 1096 quibus
701 1004 1180 1098 naturalislneratlibertaa,
1206 1009 1438 1098 quaenoneis

379 1104 486 1190 facile
502 1091 563 1176 vel
580 1123 645 1197 per
663 1103 916 1198 deceptionem
937 1107 1111 1195 aliquam,
1137 1102 1196 1179 sed
1218 1127 1298 1180 cum
1313 1108 1352 1179 vi
1375 1129 1438 1181 ex·

378 1205 630 1295 torquebatur.
679 1201 818 1276 Pharao
838 1213 930 1278 vero
953 1201 1165 1302 AEgyptium
1188 1206 1362 1298 populum
1384 1205 1438 1282 fa·

380 1305 450 1378 eile
466 1294 530 1377 fibi
546 1303 583 1374 in
601 1300 810 1378 servitutem
831 1303 993 1400 redegit,
1022 1325 1092 1378 nec
1104 1302 1302 1399 scribitur,
1334 1304 1437 1398 quod

377 1417 462 1480 cum
476 1403 517 1475 vi
533 1402 606 1476 hoc
622 1402 761 1478 fecerit.
811 1399 1001 1480 Proclives
1014 1403 1110 1478 enim
1121 1402 1202 1478 sunt
1210 1400 1373 1500 AEgyptii
1389 1404 1438 1480 ad

378 1497 592 1600 degenerem
609 1501 744 1593 vitam,
766 1501 892 1576 &tito
908 1502 954 1598 ad
966 1523 1110 1578 omnem
1120 1501 1327 1600 famulatum
1338 1504 1436 1580 deci·

300 1679 304 1690 ,
377 1603 470 1706 dpnt
487 1603 671 1676 vitiorum.
721 1599 873 1695 Respice
890 1601 935 1680 ed
950 1603 1124 1700 originem
1138 1603 1303 1698 generis,
1329 1604 1437 1680 &in-

376 1703 527 1796 venies,
554 1700 654 1792 quod
671 1714 773 1794 pater
785 1722 912 1776 eorum
936 1699 1070 1796 cnam,
1095 1703 1155 1795 qui
1174 1702 1372 1779 nuditatem
1386 1704 1436 1778 ri-

375 1800 469 1875 serat
490 1802 624 1893 patris,
644 1801 905 1892 nujuscemodi
923 1798 1133 1876 sententiam
1151 1803 1304 1898 meruit,
1335 1819 1377 1877 ut
1393 1800 1437 1878 fi-

376 1900 444 1974 lius
466 1901 540 1991 ejus
563 1898 729 1972 Chanaan
745 1897 870 1973 servus
892 1899 979 1974 esset
998 1899 1169 1976 fratribus
1190 1898 1279 1995 suis,
1304 1924 1378 1994 quo
1392 1903 1435 1982 in
1476 1909 1480 1922 '

375 2021 424 2073 eo
449 1998 644 2090 nequitiam
668 2017 809 2072 morum
842 2014 1008 2098 argueret
1038 2000 1203 2074 conditio
1236 1998 1434 2081 servitutis.

375 2097 468 2175 Non
483 2118 572 2193 ergo
584 2097 763 2171 immerito
778 2098 1042 2194 ignobilitatem
1055 2101 1196 2197 generis
1207 2097 1359 2174 decolor
1366 2123 1435 2197 po-

374 2195 514 2272 steritas
529 2198 697 2270 imitatur.
747 2197 891 2271 Hebraei
907 2217 1001 2272 vero
1022 2199 1155 2274 etiamst
1172 2198 1209 2274 in
1222 2195 1436 2278 servitutem

374 2296 598 2392 redigantur,
625 2295 756 2370 etiamfi
787 2296 1014 2389 tyrannidem
1042 2300 1221 2392 patiantur
1248 2299 1294 2372 eb
1318 2298 1435 2397 AEgy·

374 2397 480 2491 ptiis,
506 2396 690 2468 violenter
704 2395 738 2470 dr
753 2395 956 2472 neceffitate
969 2400 1164 2490 patiuntur.
1213 2397 1435 2475 Idcirco'er-

318 2577 321 2596 Ι
374 2517 424 2594 go
448 2496 644 2569 liberantur
664 2496 710 2569 de
734 2495 846 2570 domo
870 2496 1078 2591 servitutis,
1104 2497 1139 2570 ἃ
1161 2497 1205 2572 ad
1224 2499 1431 2578 libertatem

372 2596 575 2691 pristinam,
602 2595 823 2687 quaminviti
839 2593 1047 2690 amiserant,
1072 2612 1304 2673 revocantur.
1355 2598 1431 2673 De·

372 2699 482 2788 nique
497 2697 602 2769 etiam
619 2694 748 2768 div'inis
768 2691 904 2792 legibus
923 2711 1096 2791 cavetur,
1122 2710 1164 2770 ut
1183 2696 1319 2770 fiforte
1337 2720 1431 2773 eme·

371 2797 422 2870 rit
446 2796 523 2886 quis
542 2792 734 2869 Hebraeum
753 2816 932 2889 puerum,
957 2817 1034 2869 non
1061 2816 1142 2868 eum
1167 2810 1341 2890 perpetua
1360 2796 1431 2871 ser·

370 2898 493 2969 vitute
507 2894 696 2987 possideat,
720 2892 780 2966 sed
789 2891 850 2969 sex
864 2897 963 2968 annis
977 2894 1107 2969 serviat
1122 2895 1174 2986 ei,
1201 2893 1351 2988 septimo
1366 2919 1432 2969 ve-

371 3015 417 3069 ro
443 3015 538 3068 anno
559 3009 665 3068 exeat
680 2993 781 3068 liber.
831 2993 891 3068 De
910 2993 1091 3090 AEgyptiis
1107 2995 1193 3068 nihil
1214 2997 1286 3068 tale
1308 2993 1429 3070 cense-

372 3111 459 3187 tur,
492 3114 561 3168 net
585 3115 732 3187 usquam
759 3092 881 3166 divina
905 3094 963 3166 lex
989 3116 1110 3168 curam
1135 3095 1226 3190 gerit
1249 3095 1426 3168 libertatis

371 3194 653 3290 AEgyptiorum‚
679 3191 760 3286 quia
783 3214 861 3266 eam
877 3194 1006 3285 sponte
1022 3194 1275 3286 perdiderunt,
1297 3193 1360 3281 ¹sed
1382 3215 1427 3268 e-

371 3307 480 3368 terno
495 3314 559 3366 eos
577 3293 795 3368 conditionis
806 3293 921 3387 jugo,
946 3313 987 3366 ac
1003 3291 1166 3367 servituti
1176 3294 1428 3388 perpetuaede·

314 3407 316 3412 ·
368 3394 550 3483 relinquit.
878 3409 881 3414 ’

447 3515 480 3567 e.
507 3491 594 3564 Haec
619 3513 708 3586 ergo
730 3492 1010 3587 srintelligamue
1031 3490 1260 3587 spiritaliter,
1286 3513 1363 3585 quae
1381 3491 1426 3568 fit

370 3589 627 3689 AEgyptiorum
641 3590 815 3685 servitus,
839 3589 1081 3686 agnoscimus,
1110 3594 1191 3684 quia
1206 3592 1339 3666 servire
1359 3589 1425 3668 AE·

369 3692 503 3789 gyptiis
527 3711 603 3765 non
624 3691 719 3764 aliud
735 3689 805 3782 est,
832 3711 937 3782 quam
956 3692 1156 3764 obnoxium
1176 3689 1254 3765 fieri
1278 3694 1426 3766 carnali·

369 3794 438 3866 bus
464 3791 590 3881 vitiis,
623 3790 657 3862 ἂ
681 3791 899 3863 damonibus
916 3787 986 3864 esse
1009 3789 1211 3884 subjeetum.
1261 3792 1303 3866 In
1324 3790 1425 3884 quod

367 3894 495 3982 utique
508 3911 796 3981 unumquemque
805 3911 882 3963 non
902 3890 1118 3965 extrinsecus
1131 3893 1228 3965 illata
1239 3893 1424 3967 necessitas

363 3996 492 4091 cogit,
516 3990 576 4066 sed
591 3990 753 4086 segnities
772 3990 900 4085 enimi,
925 3990 959 4070 dt
975 3992 1087 4066 libido
1103 4013 1146 4066 ac
1157 3994 1327 4088 voluptas
1341 4011 1436 4106 eote,

490 4129 492 4134 ·
585 4123 597 4136 ·=
1266 4113 1369 4186 pont
