3417 4692
509 370 1045 509 ·1naronum
1258 447 1330 528 no

268 590 502 689 posteaquam
520 583 770 668 'manifestavit
804 590 1007 682 Christum,
1051 592 1111 684 qui
1141 586 1334 665 crucifixus

269 692 347 782 est,
371 692 445 761 Dei
467 691 640 764 virtutem
660 691 730 766 else
749 691 783 763 δι
801 693 871 764 Dei
887 688 1113 784 sapientiamr
1139 693 1173 766 dt
1194 694 1337 765 univer·

266 788 352 867 sus
341 812 411 882 ram
440 791 591 863 mundus
610 790 888 884 comprehensus
909 790 960 863 est
980 793 1024 864 ab
1046 813 1116 885 eo,
1143 791 1203 884 qui
1225 792 1333 866 aicit.-

276 893 545 985 eomprehendam
568 894 822 993 comprabandam
840 893 1035 986 stipitum
1023 918 1060 962 m
1079 891 1198 988 astutia
1221 917 1336 966 eorum.

270 990 384 1089 Quod
411 1011 503 1062 vero
526 1011 625 1082 aquae
649 992 804 1066 fluminis
830 991 1031 1065 uertuntur
1053 993 1090 1066 in
1110 990 1333 1088 sanguinem,

247 1090 349 1165 -satis
370 1093 634 1166 convenienter
650 1107 802 1185 aptatur.
853 1090 973 1165 Primo
995 1092 1136 1182 quidem
1154 1107 1216 1172 ut
1220 1093 1249 1165 is
1270 1091 1336 1165 flu·

270 1192 376 1283 vius,
394 1212 451 1264 cur
442 1190 705 1282 Hebraeorum
720 1194 890 1286 parvulos
914 1191 1048 1275 cntdeli
1070 1214 1161 1265 nece
1184 1192 1336 1264 tradide-

270 1303 371 1378 tant
391 1277 602 1365 rudioribus
615 1289 756 1365 sceleris
775 1293 948 1383 poculum
961 1289 1135 1387 sanguinis
1153 1292 1335 1385 redderet,

269 1385 305 1461 a
329 1409 494 1464 cruorem
517 1393 647 1483 polluti
670 1394 864 1487 gurgitis,
884 1412 988 1482 quem
1015 1391 1213 1485 parricidali
1240 1390 1338 1464 caede

269 1491 559 1581 maculaverant,
586 1492 750 1582 potando
768 1492 950 1565 sentirent.
1003 1490 1099 1565 Tum
1119 1490 1268 1583 deinde,
1294 1504 1338 1564 ut

272 1589 473 1688 allegoricis
491 1592 627 1696 legibus
645 1591 733 1663 nihil
750 1591 857 1681 desit,
884 1609 982 1681 aquae
997 1605 1191 1663 vertuntur
1207 1592 1243 1664 in
1265 1588 1339 1664 san-

271 1689 437 1785 guinem,
458 1685 648 1804 &sanguis
667 1690 746 1763 striis
765 1688 930 1785 AEgypto
946 1690 1170 1783 propinatur,
1220 1688 1373 1788 Aqua
1424 1741 1431 1752 ·

271 1785 446 1883 AEgypti‚
473 1791 624 1865 erratica
638 1790 671 1862 a
687 1790 823 1864 lubrica
836 1788 1137 1884 Philosophorum
1154 1788 1235 1865 sunt
1251 1790 1338 1887 dog·

271 1903 388 1979 mata,
417 1910 493 1984 quae
512 1892 685 1981 parvtrlos
700 1888 859 1982 qubsque
875 1888 997 1984 sensu,
1022 1889 1057 1963 a
1076 1910 1211 1985 pueros
1234 1890 1338 1964 intel·

271 1990 419 2104 ligantia
445 1989 689 2081 deceperunt3
729 1990 792 2064 ubi
818 2007 907 2062 crux
929 1988 1059 2064 Christi
1087 1990 1225 2066 mundo
1254 1988 1338 2078 huic

270 2088 437 2161 veritatis
451 2093 572 2163 lumen
587 2087 764 2207 ostendit,
790 2089 889 2163 necis
904 2109 1030 2164 eorum
1044 2110 1186 2183 plenas,
1213 2088 1247 2161 a
1262 2110 1339 2162 rea

272 2202 350 2259 tum
356 2185 540 2284 sanguinis
559 2192 718 2286 exigunt.
769 2190 824 2261 lta
842 2189 935 2263 enim
949 2188 983 2263 a
997 2187 1069 2288 ipse
1086 2189 1267 2264 Dominus
1288 2189 1340 2263 di·

272 2287 349 2378 cit,
376 2292 457 2382 quia
473 2293 576 2359 omnis
586 2289 734 2384 sanguis,
760 2315 817 2385 qur
810 2289 988 2381 ‘ciffusus
973 2291 1014 2387 ‘ll
1035 2289 1294 2388 superterram,
1319 2315 1341 2362 a

266 2390 424 2481 fianguine
441 2389 519 2461 Atel
536 2390 615 2485 julli
634 2390 787 2490 usquead
805 2388 994 2483 fimgmem
1018 2389 1183 2463 Zacharia
1202 2394 1342 2487 require·

271 2505 334 2563 tur
347 2497 581 2581 regeneratione
598 2490 666 2563 hac.
714 2488 783 2562 Per
799 2485 986 2564 secundam
1004 2509 1099 2563 vero
1116 2491 1311 2585 plagam,
1300 2509 1339 2567 ln

274 2609 344 2679 qua
364 2607 457 2660 ranae
479 2589 755 2703 producuntur3
780 2587 951 2659 indicari
962 2584 1163 2682 figuraliter
1183 2589 1339 2662 arbitror

274 2689 429 2758 carmina
446 2680 663 2779 pobtarum,
690 2687 749 2779 qui
771 2687 866 2759 inani
891 2686 1040 2776 quadam
1066 2687 1241 2762 &inflata
1263 2707 1358 2763 mo
1398 2765 1401 2770 ,

274 2785 484 2879 dolatione,
513 2788 617 2861 velut
641 2807 803 2861 ranarum
829 2784 923 2858 sonis
949 2786 983 2858 δι
1012 2787 1177 2859 cantibus
1203 2786 1339 2859 mundo

274 2885 359 2968 lunc
381 2885 609 2978 deceptionis
630 2886 767 2961 fabulas
793 2886 1003 2961 intulerunt.
1055 2885 1115 2957 Ad
1136 2886 1225 2959 nihil
1246 2886 1344 2978 enim

273 2987 361 3060 illud
377 2987 600 3060 animal'utile
612 2983 745 3079 est,nili
758 2984 990 3080 quodsonum
1006 2987 1112 3058 vocis
1125 2984 1342 3078 improbis&

244 3173 249 3186 1
275 3086 492 3179 importunis
505 3085 720 3160 clamoribus
734 3085 863 3162 reddit.
892 3083 976 3158 Post
988 3084 1063 3158 hoc
1084 3085 1243 3179 ciniphes
1257 3105 1342 3179 pre·
1371 3147 1388 3180 ,

277 3186 467 3262 ducuntur.
494 3186 580 3259 Hoc
595 3187 720 3260 animal
738 3186 864 3279 pennis
883 3184 1025 3277 quidem
1039 3181 1260 3280 suspenditur
1275 3203 1341 3278 per

276 3304 359 3357 aera
374 3287 548 3380 volitans,
573 3284 694 3359 sedita
710 3284 836 3358 subtile
852 3284 903 3358 est
918 3282 952 3360 a
967 3284 1159 3380 minutum,
1184 3298 1226 3358 ut
1242 3285 1342 3361 oculi

275 3380 411 3480 visum,
437 3385 626 3465 nisr·acute
645 3386 848 3475 cernentis,
875 3382 1041 3481 effugiat:
1067 3404 1200 3479 corpus
1220 3398 1343 3462 tamen

276 3504 358 3557 cum
383 3483 576 3570 insederit,
612 3485 788 3559 acerrimo
815 3481 976 3558 terebrat
1002 3482 1178 3577 stimulo,
1222 3485 1273 3559 lta
1298 3497 1343 3560 ut
1385 3481 1388 3496 '

277 3605 384 3677 quem
403 3587 618 3657 volitantem
634 3584 762 3657 videre
779 3584 857 3675 quis
873 3604 951 3657 non
967 3584 1108 3676 valeat,
1141 3583 1268 3658 sentiat
1284 3582 1343 3658 sti·

276 3684 482 3761 mulantem.
535 3685 621 3756 Hoc
639 3704 727 3779 ergo
746 3683 902 3758 animalis
917 3703 1028 3780 genus
1045 3683 1233 3781 dignissime
1249 3696 1341 3775 puto

281 3785 348 3854 arti
367 3782 555 3854 dialedlicae
575 3784 801 3879 comparari,
838 3803 915 3873 quae
933 3782 1078 3856 minutis
1103 3781 1339 3857 &subtilibus

278 3882 475 3954 verborum
492 3882 635 3956 stimulis
651 3883 783 3956 animas
799 3883 978 3972 terebrat,
999 3880 1041 3953 'a
1059 3895 1159 3956 tanta
1176 3881 1343 3953 callidita-

278 3995 316 4056 te
332 3982 583 4075 circumvenit,
592 3996 634 4054 ut
650 3983 821 4075 deceptus
837 3980 1046 4054 necvideat
1062 4002 1131 4056 nec
1143 3980 1342 4075 intelligat,

278 4082 374 4157 unde
387 4080 575 4176 decipitur.
619 4084 771 4187 Quarto
784 4099 934 4177 -quoque
948 4081 987 4156 iu
1002 4080 1095 4157 loco
1110 4081 1340 4249 cygomyiam

1175 4195 1314 4272 susco-
