3417 4692
386 387 389 394 .
476 369 540 445 ΙΝ
567 363 1151 442 cannarum-omma
1174 363 1221 443 11.
1314 368 1383 478 ¹⁶9

324 527 511 612 Abraham
529 531 738 626 vincentem
754 526 980 622 sodomitas,
1006 526 1210 602 &Gedeon
1222 547 1302 602 cum
1311 540 1382 612 tra,-

326 632 442 703 centis
465 631 582 726 lingua
600 650 722 719 aquam
745 629 981 700 lambentibus
1000 628 1211 701 Madianitas
1228 627 1380 730 superae.

326 731 468 802 Ostium
488 728 588 820 sane,
615 727 713 818 quod
732 748 808 800 non
826 749 846 799 a
865 727 1018 821 frome,
1044 750 1113 800 nec
1129 727 1297 822 desuper,
1322 725 1382 806 sed

326 854 349 902 e
363 834 472 900 latere
488 851 533 900 ex
548 825 754 900 transverso
772 829 974 901 collocatur
990 879 1003 920 ,
1030 828 1197 918 quoniam
1212 830 1273 900 irae
1293 829 1383 904 divi·

316 951 381 1002 nae
403 945 542 1019 tempus
561 926 631 1000 est:
660 931 738 998 Dies
756 933 838 996 enim
859 933 1014 1018 Domini,
1039 929 1102 996 dies
1117 935 1173 998 ira
1186 927 1382 1020 wuronc,

320 1029 417 1102 sicut
433 1026 600 1118 scripturn
618 1025 687 1098 est:
713 1026 799 1099 licet
818 1027 911 1101 enim
931 1027 1122 1100 videantur
1147 1028 1253 1119 aliqui
1273 1026 1389 1116 salua,

326 1128 383 1219 ri,
408 1127 509 1200 multi
526 1141 666 1217 tamen,
695 1147 785 1217 quos
804 1126 931 1200 merita
945 1126 1004 1200 sua
1021 1126 1238 1220 reprobant,
1264 1127 1385 1202 delen·

325 1239 387 1298 tur
407 1226 439 1298 δι
459 1240 629 1316 pereunt:
660 1246 704 1298 ex
720 1223 927 1299 transverso
942 1225 1071 1302 omum
1091 1226 1261 1319 ponitur,
1286 1242 1327 1298 ut
1342 1229 1385 1302 il·
1399 1223 1407 1232 ”
1436 1297 1440 1302 .

326 1326 390 1398 lud
408 1324 633 1417 ostendatur,
672 1325 780 1416 quod,
792 1347 855 1420 per
877 1327 1090 1422 prophetam
1110 1325 1267 1417 dicitur,
1301 1325 1383 1415 quia

315 1427 349 1521 fi
368 1422 549 1517 incesseririr
567 1450 680 1493 mecum
696 1427 858 1520 peruerfi,
892 1423 932 1502 ὅ
947 1428 1149 1518 eguirandam
1167 1424 1323 1496 vobiscum
1343 1431 1386 1514 ia)

326 1531 379 1593 ira
394 1525 548 1618 perversa.
598 1522 682 1596 Post
696 1525 770 1596 haec
786 1524 1016 1598 videamus&
1034 1525 1078 1596 de
1091 1546 1160 1618 co,
1178 1523 1277 1616 quod
1290 1525 1379 1601 dicit

326 1623 511 1715 separatim
527 1623 697 1698 inferiora
712 1625 946 1716 bicamerata,
972 1622 1205 1715 &superiora
1221 1625 1383 1700 tricame-

326 1739 426 1794 rata:
453 1745 499 1795 ne
517 1724 616 1795 forte
638 1723 815 1796 indicetur
837 1744 901 1816 per
923 1724 1022 1816 haec,
1056 1723 1155 1814 quod
1181 1721 1380 1816 Apostolus

326 1823 442 1913 dixit,
469 1824 550 1914 quia
575 1848 610 1891 m
629 1829 756 1892 numine
780 1826 861 1918 Jesu
886 1848 975 1894 omne
997 1849 1079 1916 genu
1094 1819 1272 1920 fleiictur,
1300 1826 1383 1894 cuse-

321 1923 435 2020 Jimm,
463 1923 654 2020 terrassiam
671 1921 709 1998 (5
725 1924 945 2014 infernarum:
973 1923 1057 1996 &in
1076 1921 1384 2018 arcafigm'ficetut

329 2023 489 2094 omnium
511 2022 651 2112 quidem
674 2021 846 2096 inferiora
871 2022 944 2115 ipsa
964 2021 1062 2116 elie,
1087 2043 1165 2116 quae
1181 2021 1383 2117 Apostolus

328 2122 415 2192 dicit
439 2120 603 2214 inferna,
634 2123 764 2196 horum
781 2137 899 2196 autem
916 2125 1089 2218 contigua
1111 2120 1291 2217 superiora
1309 2119 1383 2218 ipsa
1451 2193 1455 2202 .

327 2219 396 2292 else
417 2220 614 2312 terrestria,
640 2225 865 2295 tricamerata
888 2219 1206 2316 verosuperiora,
1231 2243 1310 2314 quae
1330 2221 1408 2298 du:

327 2319 378 2390 cit
393 2319 490 2390 simul
512 2323 633 2392 omnia
651 2320 720 2394 eise
740 2320 913 2413 coelestia,
939 2320 1050 2395 sedin
1067 2321 1122 2396 his
1138 2329 1266 2396 eorum
1278 2322 1383 2396 meri-

328 2434 366 2490 ta
386 2418 566 2514 distingui,
595 2420 653 2512 qui
677 2420 821 2511 possunt
845 2420 1035 2496 secundum
1056 2415 1273 2513 Apostolum
1295 2417 1384 2522 Pauf

327 2521 400 2607 lum
415 2517 523 2608 usque
545 2518 588 2590 ad
606 2522 751 2594 tertium
767 2522 895 2594 coelum
911 2519 1162 2604 conscendere.
1212 2519 1301 2594 Nidi
1318 2543 1384 2594 ve·

328 2635 372 2690 ro
392 2617 534 2710 &nidi,
561 2619 643 2709 quia
661 2619 856 2714 multisunt
875 2621 913 2692 in
930 2640 1037 2712 arca,
1061 2621 1190 2702 multas
1203 2617 1274 2692 else
1289 2619 1386 2714 apud

328 2732 466 2810 patrem
485 2717 644 2790 indicant
660 2717 870 2792 mansiones,
914 2717 977 2796 ,De
990 2719 1197 2791 animalibus
1209 2739 1331 2807 vero,
1346 2719 1385 2794 dr

328 2815 469 2908 bestiis,
497 2838 538 2888 ac
560 2817 774 2910 pecoribus,
801 2817 1012 2908 caterisque
1033 2817 1178 2891 diverfis
1200 2818 1385 2892 animanti·

329 2919 417 3006 bus,
446 2937 522 3006 quaa
543 2917 648 2989 nobis
672 2919 754 2989 alias
772 2914 887 3014 figura
906 2915 1078 2990 servanda
1097 2915 1172 3010 est,
1196 2917 1260 2991 nisi
1281 2939 1387 3010 quam

329 3015 392 3086 vel
413 3013 529 3088 Esaias
548 3015 726 3108 ostendit,
760 3037 841 3090 cum
863 3017 972 3107 dicit,
1002 3018 1041 3090 in
1057 3015 1173 3113 regn'o
1190 3013 1386 3100 Christilu·
1409 3029 1412 3034 '

328 3135 413 3206 pum
433 3137 513 3187 cum
531 3137 651 3210 agno,
678 3117 825 3209 pardum
845 3137 928 3200 cum
950 3116 1080 3209 hoedo,
1106 3119 1251 3190 leonem
1268 3118 1303 3190 ἃ
1316 3118 1385 3190 bo·

329 3233 414 3285 vem
434 3215 532 3286 simul
553 3215 606 3302 ire
624 3215 668 3288 ad
689 3216 839 3310 pascua,
866 3237 1064 3308 eorumque
1082 3215 1189 3290 foetus
1206 3215 1305 3291 simul
1322 3233 1386 3312 pa,-
1407 3310 1412 3318 1

328 3313 393 3385 lais
405 3313 519 3406 vesci,
545 3312 685 3405 insuper
702 3317 806 3388 etiam
820 3317 859 3388 in
873 3313 1028 3410 aspidum
1041 3336 1215 3409 caverna,
1232 3337 1386 3410 parvum

328 3432 479 3508 puerum
498 3411 626 3508 (talem
643 3414 714 3487 sme
731 3415 864 3506 dubio,
890 3417 1028 3507 qualem
1046 3415 1188 3490 dicebat
1202 3413 1387 3512 Salvator,
1407 3429 1412 3436 “

329 3513 404 3602 Nrfi
416 3515 551 3608 canverfi
561 3512 698 3604 fueritis
719 3512 757 3590 (Ἰ
776 3513 878 3605 effesii
890 3515 973 3610 ficut
988 3517 1163 3610 pucritia,
1186 3539 1251 3588 run
1271 3521 1390 3604 intruis

329 3615 405 3680 bins
429 3618 466 3680 in
489 3638 618 3704 regnum
640 3617 727 3707 Dei)
748 3613 926 3687 missurum
949 3613 1019 3688 esse
1042 3635 1212 3706 manum,
1245 3615 1387 3704 &nibil

329 3710 558 3785 ledendum?
590 3712 664 3786 Vel
687 3715 792 3786 etiam
812 3713 872 3785 illa
886 3709 1026 3808 figura,
1054 3735 1157 3806 quam
1173 3713 1298 3788 Petrus
1311 3715 1386 3808 jam

330 3830 427 3884 nunc
446 3813 483 3883 in
499 3810 656 3886 Ecclesra
675 3813 797 3886 haberi
823 3812 956 3906 docet,
994 3835 1074 3888 cum
1094 3813 1206 3886 refert
1226 3813 1262 3888 se
1280 3813 1389 3888 visro-
1450 3901 1453 3906 Ι

329 3931 412 3984 nem
433 3910 579 4004 vidisse,
594 4003 596 4008 Ι
613 3914 650 3985 in
675 3933 743 4004 qua
770 3912 891 3984 omnia
914 3913 1181 4008 quadrupedia,
1213 3912 1388 3990 &bestia
1450 3941 1455 4040 p

330 4027 459 4106 rerrae,
501 4033 541 4082 ac
573 4013 735 4086 volatilia
762 4011 843 4186 coeIli
874 4011 968 4086 intra
1000 4034 1109 4090 unum
1131 4007 1215 4088 fidei
1240 4015 1389 4106 linteum

864 4130 885 4202 ς
1229 4113 1354 4190 cousu-
