3417 4692
324 415 327 422 .
389 361 1197 484 1nonunsrmuou1L1AxY1.
1273 383 1354 466 ara

285 530 386 626 poris
414 528 560 625 subigit,
598 528 655 600 cui
681 525 716 601 se
742 529 877 601 animus
902 548 967 621 per
992 523 1191 600 socordiam
1216 523 1353 626 subdit,

288 632 361 728 Qui
386 651 475 701 vero
490 629 664 701 libertatis
681 631 802 702 animae
821 649 940 699 curam
953 629 1065 722 gerit,
1093 628 1353 721 &dignitatem

285 732 417 804 mentis
430 728 560 801 coelesti
572 729 791 823 cognatione
801 728 992 818 nobilitat,
1017 723 1347 800 isteexfiliislsrael

286 829 353 922 esh
401 830 473 929 Qui
501 826 632 901 etiamsi
653 829 835 900 violenter
865 827 1086 920 opprimatur
1111 825 1155 898 ad
1181 840 1357 920 tempus„

284 942 490 1004 nontamen
503 927 704 1000 libertatem
720 924 811 1000 suam
820 926 855 998 in
868 939 1080 1019 perpetuum
1096 925 1233 1016 perdet.
1270 924 1351 1000 Dea

286 1028 396 1117 nique
425 1025 459 1098 dt
478 1025 646 1098 Salvator
664 1025 785 1099 noster
811 1026 855 1098 de
872 1027 1040 1098 libertate
1064 1022 1098 1095 dt
1117 1021 1292 1118 servitute
1308 1025 1353 1116 in,-

283 1124 488 1222 Evangelio
505 1123 694 1216 disserens,
719 1125 769 1198 ita
784 1127 963 1216 loquitur:
990 1130 1124 1210 Omnis,
1139 1124 1273 1216 inquit,
1289 1127 1357 1221 qui,

282 1242 410 1323 peccat,
431 1227 544 1314 firruus
563 1226 601 1321 efi
619 1230 746 1321 peccati.
797 1222 846 1296 Et
869 1225 998 1297 iterum
1024 1223 1131 1296 dicit:
1164 1224 1201 1298 Sa·
1226 1224 1347 1314 monsr-

285 1331 366 1398 ritis
379 1330 416 1394 in
436 1325 527 1397 verbo
545 1350 627 1411 meo,
652 1325 814 1418 agnoscetis
831 1330 1019 1410 ueritatem,
1045 1323 1084 1398 (Ἰ
1099 1323 1354 1395 veritassiberor.
1462 1405 1467 1412 ,

283 1426 385 1516 faciet
399 1449 464 1510 vos.
520 1423 670 1595 ῼιιοάῦ
687 1425 764 1515 quis
781 1422 879 1496 sorte
895 1421 988 1494 dicat
1003 1424 1129 1514 nobis,
1156 1422 1355 1514 quomodo,

287 1546 374 1620 ergo
393 1546 456 1616 per
481 1523 528 1619 Jo
545 1523 615 1616 eph
636 1523 751 1596 omnis
766 1535 862 1594 terra
875 1525 911 1594 in
927 1520 1172 1615 poffeffionem
1192 1522 1358 1614 traditur,

283 1621 488 1697 Pharaonis
514 1622 563 1694 Et
580 1623 695 1696 omnis
714 1620 777 1695 ista
794 1619 969 1712 servitus,
987 1642 1091 1714 quam
1106 1622 1262 1714 superius
1284 1644 1359 1714 en„

284 1721 488 1817 posuimus,
515 1744 560 1796 ex
572 1723 711 1814 peceati
728 1720 941 1795 conditione
953 1719 1131 1814 suscepta,
1156 1721 1358 1812 quomodo·
1456 1787 1460 1800 .

284 1843 350 1916 per
369 1820 521 1895 sendum
539 1821 655 1894 virum
673 1820 866 1895 ministrata
885 1820 1015 1893 dicitur
1034 1819 1237 1902 Pharaoni?
1263 1819 1355 1902 not-5

285 1921 403 1996 sumus
417 1922 458 1993 ad
477 1922 551 1993 baec
569 1919 808 2014 respondere,
836 1919 937 2012 quod
951 1915 1023 2012 ipse
1038 1917 1350 2012 scripturaesermo

286 2018 432 2094 excusat
452 2019 557 2093 sandi
583 2020 651 2093 viri
676 2019 934 2113 ministerium,
966 2041 1047 2092 curn
1070 2019 1158 2092 dicit
1176 2017 1357 2111 quodsea

283 2119 454 2211 metipsos
478 2119 721 2192 vendiderunt
738 2118 930 2216 AEgyptii,
962 2118 997 2190 dt
1013 2117 1241 2212 possessiones
1254 2118 1346 2196 suan

284 2219 375 2293 Non
388 2235 475 2315 ergo
492 2219 534 2292 ad
550 2215 801 2311 dispensantem
815 2220 920 2309 culpa
934 2215 1227 2311 refleditur,'ubi
1240 2219 1347 2316 digne
1424 2219 1428 2226 ’

285 2317 564 2410 dispensatorum
587 2319 722 2393 meritis
749 2320 1001 2412 providentur.
1051 2317 1218 2392 Invenies
1250 2320 1346 2398 enim

285 2418 359 2489 tale
377 2418 508 2508 aliquid
530 2417 564 2490 n
588 2439 608 2490 a
631 2417 743 2490 Paulo
763 2413 873 2509 fieri,
900 2437 979 2489 cunr
1002 2416 1045 2490 ab
1065 2439 1110 2489 eo
1130 2417 1183 2510 is,
1204 2419 1271 2507 ‘qui
1294 2418 1346 2492 se·

283 2516 470 2609 metipsum
492 2536 561 2610 pro
586 2514 747 2591 soeditate
770 2514 910 2588 adinum
932 2515 1119 2589 consortio
1143 2514 1346 2594 sannorum

284 2616 375 2691 fecit
389 2616 596 2713 indignum,
622 2615 773 2688 traditur
790 2614 950 2707 Satanae,
974 2630 1019 2686 ut
1033 2614 1143 2688 discat
1160 2637 1237 2688 non
1255 2615 1345 2690 blas·

284 2717 467 2809 phemare.
515 2714 558 2788 ln
580 2735 654 2808 quo
668 2715 792 2806 utique
809 2734 917 2790 netno
936 2713 1067 2786 dixerit
1084 2713 1230 2788 Paulum
1253 2715 1345 2802 duro

285 2813 414 2911 egisse,
439 2814 498 2905 qui
507 2815 690 2889 homiuem
705 2813 750 2888 de
761 2809 921 2886 Ecclesia
932 2813 1059 2905 ejecit,
1079 2814 1355 2896 &Satanaetra·,
1379 2823 1383 2839 ¹

286 2915 386 2989 didit.
437 2913 564 2988 sedin
587 2915 686 2988 illum
712 2913 784 2987 fine
808 2912 918 2986 dubio
938 2914 1042 3006 culpa
1064 2912 1247 3009 refertur,
1269 2916 1343 3013 ¹qui

285 3035 355 3108 pro
378 3012 510 3088 adibus
537 3012 603 3086 suis
622 3013 780 3104 meruit,
809 3027 945 3086 utnon
967 3013 1001 3085 ei
1022 3012 1108 3085 esset
1127 3014 1164 3086 in
1184 3010 1353 3102 Ecclesia¹

287 3115 412 3206 locus,
437 3111 648 3187 sed-Satanae
664 3110 849 3186 consortio
868 3123 1066 3186 mereretur
1083 3112 1236 3210 adjungi.
1285 3113 1355 3204 lta,

287 3234 375 3310 ergo
399 3212 604 3307 &Joseph,
633 3232 714 3285 cum
733 3213 821 3286 nihil
841 3211 1002 3285 Hebraeae
1022 3212 1225 3309 libertatis,
1251 3214 1355 3290 nihil.

285 3311 485 3392 Israeliticae
509 3312 707 3386 nobilitatis
731 3312 767 3384 in
785 3307 966 3407 AEgyptiis
983 3310 1214 3407 providisset,
1236 3313 1343 3412 digna

287 3409 433 3487 servitia
446 3412 554 3509 digno
570 3411 769 3485 dominatui
785 3409 946 3484 sociavit
973 3410 1054 3508 Ego
1070 3412 1175 3486 etiam
1190 3416 1345 3508 amplius.

289 3511 421 3603 aliquid
441 3512 535 3587 dico.
585 3511 754 3584 Invenies
774 3509 860 3582 &in
879 3510 1009 3583 divinis
1025 3509 1341 3604 dispensationibus

287 3613 361 3685 tale
382 3611 512 3703 aliquid
533 3609 695 3708 gestum,
719 3610 757 3684 in
778 3630 824 3683 eo
845 3609 944 3701 quod
962 3609 1049 3684 dicit
1059 3611 1231 3704 Moyses:
1258 3618 1341 3687 Cum

288 3712 443 3784 diuideret
457 3713 588 3801 excelsus
596 3727 723 3806 gentes,
749 3709 788 3786 U
805 3709 1096 3806 distinguererstues
1106 3719 1268 3807 gentium,
1287 3715 1353 3803 see·

286 3816 421 3885 cundum
441 3837 606 3884 numerum
623 3812 799 3904 angelorum
821 3813 888 3881 Dei
903 3811 1009 3907 posuit
1026 3836 1103 3891 cas,
1128 3812 1169 3889 U
1180 3811 1275 3905 fassa
1298 3813 1340 3908 eli

284 3934 364 4014 pars
398 3916 531 3985 Domini
563 3910 683 4010 Jacolr,
712 3911 885 4003 funiculus
914 3910 1108 3984 hereditatis
1136 3915 1203 4010 ejus
1231 3914 1336 4001 lsrael.
1453 3991 1462 4020 Ι

287 4013 403 4091 Vides
418 4034 523 4113 ergo,
541 4013 711 4109 quoniam
724 4030 793 4106 pro
808 4010 944 4089 meritis
958 4011 1150 4107 unicuique
1165 4014 1264 4112 genti
1279 4035 1353 4100 ana.
1474 4065 1476 4070 -

805 4106 881 4185 Ss-
1193 4116 1294 4210 gelo·
1424 4179 1427 4184 .
