3417 4692
410 340 899 484 COMMlsNTARIA
919 401 986 480 IN
1010 399 1306 483 GENESIM.
1359 425 1404 504 ³7

338 565 492 642 sortassis
506 567 591 644 huic
605 520 727 643 Exodi
744 564 1030 660 quaestionilucis
1046 587 1065 637 a
1079 568 1188 650 nobis¹
1196 522 1340 664 ,aliqriid
1353 523 1405 660 ai·

337 664 424 740 ferri
444 667 569 758 poffit:
600 669 687 761 Quis
703 665 786 758 fecit
797 664 994 762 surdaflrum
1016 691 1050 735 ac
1064 667 1220 754 surdum,
1242 669 1404 749 tridentem

336 764 376 842 σ
389 762 523 842 cacam?
546 790 655 840 mnne
677 789 728 859 ega,
747 769 910 837 Dominus
922 757 1037 840 Deus?
1059 777 1102 852 ut
1118 786 1251 840 caecum
1268 766 1402 859 pariter

336 886 378 939 ac
392 867 488 940 bene
506 866 688 939 oculatum
704 867 778 948 hoc
799 863 900 940 sensu
914 863 1033 954 secisse
1051 863 1217 959 dicatur,
1251 864 1290 946 in
1313 885 1401 962 prae,-

333 961 493 1038 sentibus
507 966 711 1054 oculatum,
738 985 870 1039 caecum
884 968 919 1037 in
933 965 1075 1050 futuris.
1126 962 1223 1039 Nam
1237 962 1400 1038 surdastri

334 1064 502 1157 qu'dem,
529 1062 691 1156 turdique
713 1066 892 1148 rationem
915 1086 956 1145 ac
976 1061 1160 1138 discrimen
1184 1066 1396 1158 exquirere,

332 1164 451 1255 hujus.
466 1165 540 1237 ioci
561 1184 640 1242 nnn
662 1162 724 1238 est.
776 1168 988 1264 Quanquam
1013 1164 1165 1255 plurima
1187 1163 1293 1254 sane,
1320 1185 1397 1259 quae

327 1263 418 1357 juris
434 1261 546 1345 nostri
558 1284 635 1338 non
647 1261 749 1346 sunt,
775 1265 970 1337 multorum
982 1263 1108 1353 etiam,
1127 1283 1204 1355 quae
1221 1263 1341 1347 nostra
1358 1265 1396 1339 in

330 1362 513 1456 potestate
534 1362 626 1454 fint,
648 1361 797 1438 causam
821 1363 999 1438 interdum
1027 1361 1119 1456 effe,
1148 1359 1306 1452 'fatemur
1332 1363 1396 1454 ipsi
1451 1367 1473 1394 ’·

332 1482 500 1562 quoque:
524 1483 566 1546 ac
584 1478 778 1558 propterea
792 1463 855 1547 nist
871 1485 932 1557 ea,
958 1464 1032 1538 hoc
1048 1460 1119 1555 est,
1144 1465 1181 1536 in
1199 1481 1276 1554 quae
1292 1476 1396 1558 pote·

329 1560 427 1634 statis
453 1583 494 1648 ac
506 1563 595 1656 juris
612 1561 782 1640 habemus
802 1564 915 1652 nihil,
942 1563 1218 1654 antecederent,
1245 1582 1291 1635 ne
1315 1562 1394 1635 haec

331 1660 475 1752 quidem
491 1675 554 1742 aut
571 1662 631 1733 illa
649 1660 839 1756 sequutura
859 1661 951 1754 eise,
978 1682 1055 1758 quae
1076 1659 1197 1748 nostra¹
1211 1675 1395 1746 tarnencx

326 1761 496 1838 libertate
516 1761 685 1852 pendent.
738 1760 916 1835 Caeterum
930 1763 980 1837 ita
1001 1759 1143 1853 quidem
1156 1780 1283 1834 eorum
1301 1782 1394 1834 non·

326 1861 449 1951 nulla,
479 1881 556 1957 quae
568 1862 606 1944 in
620 1860 727 1938 nobis
741 1861 805 1943 fita
821 1858 920 1954 sunt,
948 1861 1013 1941 alia
1028 1880 1105 1952 quae
1120 1858 1307 1955 potestatis
1326 1881 1394 1933 no·

319 1958 405 2054 ustrae
425 1980 502 2041 non
515 1958 618 2054 sunt,
643 1959 837 2057 antegressa
853 1961 1143 2054 consequuntur,
1166 1973 1208 2036 ut
1223 1961 1265 2033 iis
1286 1962 1393 2033 etiam

326 2058 543 2155 antegressis,
561 2061 701 2149 anobis
718 2075 845 2152 preter
860 2082 921 2149 ea,
939 2082 1016 2151 quae
1029 2059 1135 2152 siunt,
1151 2056 1230 2132 fieri
1247 2079 1392 2151 quoque

286 2217 289 2226 .
326 2158 394 2246 alia
413 2157 553 2261 posint,
605 2161 718 2265 Quod
738 2160 762 2232 sr
786 2160 855 2232 erit
874 2157 1071 2253 quispiam,
1105 2159 1166 2251 qui
1185 2149 1391 2232 voluntatis'

323 2257 456 2333 nostrae
478 2260 552 2333 vim
579 2280 620 2329 ac
647 2258 862 2351 potestatem
884 2259 976 2333 adeo
999 2260 1096 2332 nulla
1113 2279 1195 2333 curn
1220 2254 1391 2344 universo

324 2356 582 2449 conjunctione
607 2361 723 2442 teneri¹
744 2361 877 2452 volet,
908 2375 951 2432 ut
967 2360 1041 2433 hoc
1063 2373 1125 2430 aut
1147 2357 1257 2450 illud,
1291 2355 1390 2448 quod

323 2472 426 2530 certa
462 2458 621 2550 quaedam
653 2457 935 2552 antecesserint,
973 2461 1053 2553 eligi
1087 2481 1106 2530 a
1138 2458 1244 2530 nobis
1279 2458 1389 2530 inter-

323 2555 442 2648 dum,
485 2558 678 2654 optarique
716 2573 854 2656 neget:
907 2560 936 2630 is
963 2556 1148 2652 -profetto
1187 2554 1224 2630 se
1267 2554 1391 2634 mundi

322 2671 464 2750 partem
492 2654 561 2730 eise
583 2658 719 2737 oblitus
739 2659 830 2750 erit,
868 2679 910 2731 ac
930 2655 1000 2730 sese
1024 2656 1210 2731 hominum
1231 2673 1390 2732 commu·

323 2756 467 2845 nione,
501 2756 683 2847 totiusque
710 2757 909 2832 circumfusi
935 2759 1025 2829 aeris
1051 2755 1176 2839 habitu
1197 2752 1387 2837 contineri.

321 2854 383 2925 Ac
408 2853 493 2930 mihi
517 2856 658 2946 quidem
683 2876 751 2949 pro
771 2858 847 2928 loci
869 2857 972 2949 hujus
1000 2857 1141 2927 ratione
1159 2854 1305 2937 modice
1331 2851 1389 2924 ad·

321 2953 418 3047 huc,
444 2954 609 3048 quasrque
622 2956 840 3052 compendio
857 2950 1106 3049 demonstrasse
1123 2952 1277 3047 videor,
1300 2951 1389 3024 nihii

321 3055 474 3126 omnino
490 3054 596 3134 rebus
614 3054 680 3148 iis,
707 3076 792 3147 quas
808 3055 1053 3150 praenoverit,
1079 3053 1234 3136 adivina
1251 3071 1388 3145 praeno·

319 3154 425 3225 tione
445 3154 655 3227 neceffitatis
674 3153 803 3228 afferri.

398 3273 432 3346 9.
458 3251 641 3344 Deinceps
660 3254 695 3326 id
713 3274 877 3350 agamus,
904 3267 945 3326 ut
968 3274 1014 3327 ne
1035 3251 1150 3324 stelias
1177 3248 1319 3341 quidem
1333 3247 1387 3339 ip·

320 3345 375 3424 sas
390 3370 510 3424 rerum
533 3352 764 3426 humanarum
784 3355 859 3425 ulio
884 3353 996 3426 modo
1018 3350 1163 3441 causas,
1190 3349 1247 3421 sed
1265 3366 1387 3420 earum

319 3460 463 3523 tanturn
478 3450 574 3547 signa
590 3451 748 3545 quaedam
774 3451 843 3525 eise
864 3452 1099 3537 ostendamus.
1153 3447 1306 3521 Primum
1325 3446 1386 3540 igi·

320 3561 382 3618 tur
404 3548 441 3620 id
461 3551 565 3641 plane
588 3550 751 3644 constat,
785 3564 827 3623 ut
844 3565 982 3625 certum
1004 3549 1188 3646 quemdam
1209 3546 1386 3620 stellarum

319 3644 445 3740 situm,
463 3662 640 3722 certarum
656 3671 801 3742 quoque
817 3672 949 3741 rerum,
969 3671 1045 3742 qtrae
1062 3649 1104 3720 ad
1116 3648 1386 3734 hominemper·

317 3745 480 3840 tineant,
507 3747 644 3821 causam
663 3748 733 3823 eise
748 3750 890 3824 demus:
918 3747 1020 3846 (narn
1038 3750 1081 3820 de
1100 3749 1174 3820 hoc
1189 3742 1387 3836 impraesenss
1459 3811 1469 3828 ,

317 3845 449 3918 tiarunr
462 3846 623 3922 instituta
641 3848 787 3941 quaestio
803 3848 885 3948 fitz)
905 3851 965 3941 qui
986 3864 1105 3919 tamen
1124 3842 1298 3917 hodierna
1314 3842 1385 3935 die,
1466 3859 1474 3880 ¹

315 3942 424 4018 verbi
439 3946 575 4043 gratia,
603 3941 706 4021 certe
729 3947 874 4030 cuidam
892 3948 1031 4021 homini
1051 3966 1170 4018 earnm
1191 3942 1275 4015 srtus
1297 3942 1386 4014 exti-

315 4044 429 4140 terit,
456 4046 621 4123 eumdem
637 4067 758 4124 rerum
775 4067 897 4222 egum
912 4046 1049 4127 causam
1062 4043 1137 4148 ¹esse
1154 4043 1256 4118 nulio
1265 4040 1385 4210 ἓῑςέίο
1462 4120 1474 4134 Ἰ

655 4159 689 4174 ··
855 4169 919 4246 3,,
1101 4240 1105 4249 Ι
1211 4160 1355 4237 enne·
