3417 4692
244 337 248 346 ’
379 379 450 466 am
676 353 1114 488 ‚ontcttms

379 529 487 614 etiam
498 527 666 625 malignas
688 530 929 625 cogitationes
948 528 1049 622 ejus,
1085 526 1439 624 &ciniphtmtrnor-

381 629 527 714 dacitati
538 630 662 702 slmiles
677 627 885 704 callididatis
898 633 1044 704 aculeos
1054 629 1206 704 discutit.
1232 627 1440 702 Libidinum

379 750 524 822 quoque
549 728 685 802 morsus
713 729 915 822 cynomyiae
940 725 1080 821 spiculis
1112 730 1237 802 similes
1264 727 1438 822 depellit,

375 826 631 921 stultitiamque
650 831 687 902 in
703 851 764 922 ea,
791 828 1056 904 &intelledtum
1073 827 1270 921 pecudibus
1294 827 1441 900 similem

379 927 495 1017 delet3
524 945 588 1021 per
609 947 714 1019 quem
731 927 819 1000 homo
837 955 906 1000 cum
924 935 961 999 im
982 930 1098 1000 {tumre
1116 926 1204 1018 effer,
1231 951 1297 998 mom
1319 931 1442 998 intelle·

378 1039 441 1114 xit,
450 1031 504 1119 scd
519 1053 578 1098 cum
600 1045 712 1099 oratus
722 1029 761 1128 ep
767 1033 923 1127 jumentis
934 1027 1149 1127 insspr'emu'bus
1158 1025 1198 1105 ὅ
1204 1026 1442 1122 fimitisfafiur

378 1131 416 1228 efl
440 1135 512 1200 edis.
565 1050 697 1226 drguit
716 1127 809 1204 enirn
830 1129 1003 1202 &ulcera
1030 1140 1293 1222 peccatorum,
1316 1142 1442 1218 atque

378 1230 590 1328 arrogantie
615 1244 796 1304 tumorem
822 1227 1079 1321 fervoremque
1097 1230 1210 1304 inea
1226 1223 1366 1300 furoris
1383 1239 1446 1302 010·

378 1329 522 1425 tinguit.
574 1319 734 1401 Adhibet
751 1324 833 1422 post
848 1330 924 1404 baec
943 1330 1050 1410 etiarn
1069 1349 1184 1400 voces
1206 1321 1368 1400 filiorum
1388 1339 1445 1400 to·-

377 1430 508 1521 nitrui,
533 1424 663 1518 idest,
689 1428 915 1526 euangelicos
941 1425 1222 1520 apostolicasque
1245 1425 1442 1504 doctrinas.

378 1529 449 1601 Sed
471 1529 506 1600 ta
525 1524 791 1623 castigationem
805 1525 990 1624 -gmndinis
1018 1528 1220 1618 admovet,
1263 1539 1308 1598 ut
1337 1525 1443 1600 lamn-

377 1631 465 1703 riam
479 1627 949 1722 voluptatesqueeoerceat.
982 1622 1444 1720 Adhibetbmuluignem

378 1728 618 1823 poenitentiae,
645 1742 686 1799 ut
701 1727 735 1800 δι
750 1722 821 1819 ipsa
836 1727 949 1800 dicat:
976 1729 1093 1800 llbmu
1107 1747 1158 1797 mr
1168 1725 1311 1815 uotiuum
1324 1731 1444 1798 ardens

378 1847 449 1902 erar
461 1823 645 1898 intramus?
659 1823 968 1902 Neclocustarum
979 1828 1023 1900 ab
1033 1848 1075 1901 ea
1086 1819 1251 1898 subducit
1261 1827 1445 1918 exempla,

380 1928 508 2021 quibus
533 1925 792 2016 mordeantur,
824 1925 859 2000 u
884 1924 1116 2019 depascantur
1138 1945 1263 1998 omnes
1286 1923 1445 2014 inquieti

378 2043 501 2101 motus
520 2027 594 2116 ejus
605 2020 644 2096 ’δι
660 2024 815 2118 turbidi,
843 2045 917 2117 quo
934 2026 968 2098 dt
985 2023 1057 2120 ipsa
1075 2025 1188 2116 dicat,
1214 2023 1315 2118 quod
1335 2022 1443 2116 Apo·

378 2128 489 2201 stolus
503 2127 633 2214 docet,
660 2138 702 2198 ut
718 2130 823 2196 ommia
834 2123 1072 2210 irasmundum
1083 2127 1337 2213 ordinemfinnt.
1367 2123 1445 2198 Ubi

378 2245 472 2299 uero
490 2219 703 2306 sufficienter
718 2219 829 2296 fuerit
844 2222 1010 2318 castigata
1021 2243 1093 2316 pro
1109 2226 1290 2316 moribus,
1318 2223 1354 2296 u
1372 2244 1443 2318 pto

380 2323 632 2398 emendatioris
644 2324 971 2416 vitecorreptrone
982 2327 1156 2416 coercita,
1166 2343 1247 2398 curn
1258 2322 1445 2400 auctorem

382 2425 572 2495 verberum
589 2419 749 2513 senserit,
776 2423 810 2498 u
826 2419 994 2496 confiteri
1004 2424 1076 2516 jam
1093 2428 1241 2513 coeperit
1257 2425 1339 2513 quia
1354 2422 1442 2517 digi-

381 2537 440 2596 tus
454 2523 526 2595 Dei
539 2521 613 2613 est,
640 2520 905 2615 &parumquid
923 2520 1115 2619 agnitionis
1129 2521 1331 2615 acceperit,
1356 2533 1447 2596 tnnc

381 2625 560 2717 praecipue
572 2620 752 2717 gestorum
768 2621 909 2698 suorum
918 2624 1084 2695 tenebras
1099 2623 1220 2711 videt,
1247 2637 1336 2693 tunc
1346 2641 1444 2694 erro·

381 2717 614 2795 rumsuorum
628 2722 812 2819 caliginem
828 2718 944 2796 sentit.
973 2721 1135 2813 Cumque
1146 2725 1183 2794 in
1195 2725 1266 2794 boc
1278 2723 1442 2810 venerit,

380 2835 470 2895 tunc
494 2820 712 2915 merebitur,
746 2833 788 2892 ut
804 2821 1056 2917 extinguantur
1080 2824 1117 2892 in
1142 2818 1442 2918 caprimogenita

274 2985 286 3010 ,
371 2919 545 3017 -AEgypti
597 2918 639 2993 ln
659 2941 732 3012 quo
751 2919 822 2994 tale
841 2920 971 3011 aliquid
986 2919 1133 3015 intelligi
1156 2919 1255 3014 polle
1275 2923 1443 3010 arbitror,

383 3021 511 3095 Omnis
535 3021 650 3094 anima
671 3040 754 3094 cum
780 3017 823 3092 ad
846 3019 1128 3112 supplementum
1150 3023 1263 3092 aetatis
1288 3019 1446 3092 advene·

382 3122 456 3213 rit,
492 3119 645 3193 &velut
662 3119 831 3193 naturalis
849 3122 885 3192 in
910 3142 952 3192 ea
968 3117 1125 3211 quedam
1139 3117 1199 3192 lex
1216 3120 1368 3209 coeperir
1384 3116 1444 3192 sua'

379 3221 460 3311 jura
477 3216 683 3312 defendere,
700 3219 916 3312 primossme
927 3219 1167 3292 dubiomotus
1184 3219 1377 3291 secundum
1388 3219 1445 3290 de·

382 3317 546 3391 fidetium
562 3320 675 3391 carnis
690 3318 874 3413 producit,
902 3339 992 3409 quos
1009 3340 1054 3392 ex
1070 3318 1371 3414 concupiscentiae
1384 3317 1447 3394 vel

382 3417 444 3489 irae
469 3414 597 3490 fomite
619 3419 674 3490 vis
700 3419 885 3491 incentiva
913 3419 1166 3494 commoverit.
1217 3417 1327 3492 Unde
1352 3417 1446 3508 quali

381 3513 600 3611 praecipuum
616 3517 650 3590 u
665 3516 763 3607 quod
777 3535 852 3590 non
869 3517 911 3590 fit
926 3538 1116 3593 commune
1132 3539 1213 3592 cnm
1225 3516 1364 3590 ceteris
1381 3517 1447 3590 ho·

382 3616 559 3708 minibus,
585 3616 722 3692 desolo
744 3615 887 3692 Christo
903 3619 1083 3711 propheta
1099 3619 1203 3692 dicit:
1229 3621 1393 3710 Butyrum
1409 3617 1458 3693 U

382 3719 444 3790 mel
465 3718 687 3814 manducabit,
711 3718 894 3814 priusquam
909 3717 1018 3808 faciat
1038 3737 1097 3790 out
1119 3719 1262 3813 proferat
1283 3719 1447 3810 maligna,

382 3818 475 3911 diget
492 3817 615 3890 bonum.
667 3818 851 3917 Quoniam
872 3814 1071 3908 priusquam
1084 3814 1177 3892 :sciat
1199 3837 1290 3912 puer
1307 3819 1447 3892 bonum

383 3932 446 3991 aut
471 3919 626 4011 malum,
652 3914 779 3990 reslstit
802 3917 969 4009 malitiae,
995 3934 1039 3990 ut
1060 3919 1168 4014 eligat
1184 3916 1286 4009 quod
1308 3920 1449 3998 bonum

383 4015 445 4101 est.
495 4016 599 4108 nlius
615 4031 735 4100 autem
750 4017 932 4111 propbeta
947 4030 1116 4112 tanquam
1132 4015 1379 4109 desemetipfo
1395 4016 1450 4092 lo·

1270 4135 1399 4212 quens,
