3417 4692
361 432 432 515 284
681 415 1088 498 ORIGENIS

357 587 472 675 latet,
497 580 683 676 quomodo
701 581 832 656 Ruben
855 583 892 656 in
915 584 1153 658 concubinam
1178 582 1287 676 patris
1312 580 1419 656 effer·

358 685 478 760 buerit
491 681 629 756 flamma
642 682 810 772 libidinis,
836 682 869 754 dt
885 696 1070 774 paternum
1084 684 1317 756 maculaverit
1333 683 1417 755 tho-

255 801 259 824 *
357 805 459 874 rum,
482 781 542 854 red
561 783 658 873 quod
678 783 715 854 in
734 782 842 862 initiis
859 783 971 856 laudis
995 786 1027 855 ei
1045 782 1174 874 aliquid
1196 783 1338 854 videtur
1356 781 1416 854 ad·

357 881 512 959 scribere
531 879 673 973 dicens,
699 898 735 952 ru
749 886 858 952 uirtus
874 907 967 976 mea,
994 883 1129 955 idcirco
1151 878 1191 953 iit
1207 898 1248 952 ut
1270 881 1415 976 gravius

357 994 508 1058 notetur
524 982 559 1052 in
578 981 747 1077 crimine,
774 983 930 1073 quicum
945 982 1065 1054 virtus*
1076 983 1185 1073 patris
1201 982 1415 1072 haberetur,

359 1081 549 1156 &initium
565 1077 751 1171 filiorum,
776 1080 901 1154 nesciit
923 1081 1065 1156 seruare
1088 1081 1328 1154 reverentiam
1356 1102 1416 1172 pa·

358 1181 418 1255 tri.
444 1179 560 1278 Quale
580 1177 631 1253 est
646 1179 800 1261 utillud,
822 1182 920 1270 quod
945 1180 1074 1254 dicitur
1094 1201 1158 1272 per
1179 1181 1413 1272 prophetam:

360 1281 426 1373 Ego
444 1297 475 1368 tr
488 1279 639 1374 plantavi
654 1282 782 1352 uiarum
799 1278 1012 1372 frufirfrrum
1035 1298 1134 1351 torum
1152 1303 1314 1363 veracem,
1339 1303 1414 1374 quu-

357 1383 441 1452 modo
454 1382 601 1459 renuerim
612 1404 642 1448 es
655 1383 691 1448 in
703 1381 947 1452 amaritudinem
960 1385 1043 1452 uitis
1055 1383 1185 1450 alienu?
1210 1377 1414 1460 Secundum

356 1499 450 1554 uero
476 1477 745 1571 intelligentiam
770 1480 915 1552 videtur
941 1481 1026 1554 mihi
1045 1479 1176 1557 Ruben
1197 1478 1327 1572 prioris
1336 1498 1415 1569 .ρο-

356 1579 432 1674 puli
447 1577 650 1674 Judreorum
668 1577 762 1652 ferre
780 1575 878 1672 poss'e
900 1579 1113 1673 personam,
1147 1580 1204 1668 qui
1227 1577 1260 1647 dr
1282 1577 1414 1669 primo·

356 1680 497 1776 genitus
513 1675 583 1770 est,
608 1677 795 1752 &initium
808 1675 985 1773 filiorum,
1012 1680 1100 1752 sicut
1113 1679 1291 1770 propheta
1305 1675 1411 1748 dicit:

360 1780 456 1869 Israel
472 1784 696 1872 primogenitus
716 1803 811 1853 meus.
840 1777 956 1852 Primo
982 1799 1133 1869 namque
1147 1778 1215 1850 illis
1232 1775 1313 1848 data
1333 1773 1415 1846 sunt

353 1879 501 1972 ¹eloquia
524 1877 604 1952 Dei.
657 1877 768 1976 Quod
789 1890 907 1952 autem
926 1880 1043 1952 durus‘
1056 1877 1165 1950 fuerit
1181 1877 1240 1949 iiie
1255 1875 1413 1967 populus

357 1977 638 2071 &temerarius‚
663 1976 841 2069 scriptura
870 1978 1108 2052 denunciant:
1144 1976 1230 2048 dicit
1251 1977 1346 2047 enim
1368 1973 1423 2046 de-

357 2078 408 2150 eis
446 2077 641 2170 propheta:
671 2082 768 2146 Omne
787 2077 864 2171 quud
881 2078 1028 2174 loquitur
1046 2078 1175 2171 populus
1202 2076 1272 2158 iric,
1297 2077 1414 2142 durum

356 2177 405 2274 est.
456 2173 505 2248 Et
519 2177 647 2249 iterum
663 2175 743 2248 alibi
761 2175 806 2248 de
820 2175 899 2268 ipfis
915 2177 1021 2250 dicit:
1051 2180 1112 2249 Vos
1126 2178 1238 2269 semper
1253 2176 1333 2242 dura
1349 2197 1413 2242 cer·

355 2282 445 2362 uice,
470 2275 509 2352 U
528 2276 729 2370 incircumcisi
751 2277 846 2350 corde.
897 2274 993 2349 Patri
1018 2296 1110 2348 vero
1133 2275 1218 2348 Deo
1240 2273 1416 2369 irrogavit

338 2369 526 2466 ¹iniurias,
553 2395 633 2448 cum
652 2376 838 2450 conuertit
854 2373 897 2446 ad
919 2398 999 2448 eum
1020 2374 1187 2466 dorsum,
1226 2373 1345 2444 &non
1362 2370 1415 2443 fa·

357 2475 447 2548 ciem
463 2472 567 2548 suam.
592 2473 759 2550 Thorum
772 2488 891 2548 autem
909 2476 1119 2547 concubinae
1136 2473 1285 2566 polluit,
1308 2492 1414 2562 quem

356 2571 536 2666 ascendit,
561 2575 684 2669 idest,
711 2577 824 2672 legem
841 2577 975 2649 veteris
993 2573 1212 2664 testamenti,
1240 2592 1343 2661 quam
1358 2570 1415 2643 sa’·

355 2695 402 2768 pe
416 2673 685 2767 prevaricando
701 2674 904 2749 maculavit.
956 2673 1068 2768 Quod
1089 2687 1206 2744 autem
1220 2672 1257 2743 in
1279 2690 1413 2742 concu-

354 2774 448 2848 bine
461 2770 612 2866 persona
627 2777 686 2848 lex
710 2774 843 2847 veteris
862 2771 1060 2846 testamenti
1077 2785 1255 2865 ponatur,
1281 2769 1409 2841 Paulus

356 2873 482 2947 docuit
506 2871 653 2947 dicens:
690 2874 852 2946 Abraham
875 2874 948 2944 duas
964 2874 1053 2963 filios
1078 2873 1214 2957 babuit,
1254 2894 1350 2938 uuum
1375 2871 1413 2939 de

352 2976 488 3065 mucida,
514 2969 552 3054 θ,
567 2998 667 3044 unum
681 2974 717 3044 de
731 2973 839 3047 libera.
890 2976 966 3044 Hac
978 2990 1081 3043 aurem
1092 2972 1169 3056 [unt
1182 2974 1239 3040 duo
1250 2970 1412 3064 testamen·

355 3091 401 3148 ta.
453 3068 493 3145 ln
510 3094 582 3165 quo
602 3069 700 3168 Agar
716 3095 792 3165 quae
809 3072 1009 3145 concubina
1026 3071 1119 3162 fuit,
1146 3071 1184 3142 in
1204 3070 1341 3143 veteris
1355 3083 1408 3141 te·

353 3171 516 3248 strumenti
530 3173 677 3265 ponitur
692 3184 796 3266 typo.
830 3171 914 3244 Una
931 3172 1060 3244 etenim
1082 3183 1158 3242 erat
1176 3167 1332 3263 perfecta
1349 3189 1412 3241 co-

352 3273 475 3350 lumba
490 3270 671 3365 genitricis
696 3270 787 3364 suae,
813 3292 890 3363 quae
906 3271 1012 3367 virgo
1030 3269 1123 3343 casta
1140 3269 1261 3365 regina
1280 3265 1409 3363 sponso

353 3372 427 3466 regi
445 3368 601 3442 Ecclesia
619 3390 683 3465 per
700 3369 936 3466 Evangelium
952 3372 1112 3466 jungitur
1136 3366 1289 3441 Christo.
1339 3366 1410 3439 Sed

353 3470 544 3544 &moralis
564 3469 671 3543 nobis
686 3469 725 3543 in
739 3470 811 3542 hoc
826 3470 877 3542 ita
890 3468 1096 3543 tractabitur
1115 3469 1230 3542 locus.
1280 3465 1410 3540 Ruben

351 3571 605 3664 interpretatus
622 3567 673 3640 est
688 3590 708 3640 a
724 3569 938 3660 majoribus,
964 3564 1057 3641 filius
1073 3569 1133 3659 qui
1146 3565 1310 3658 videtur,
1336 3567 1409 3638 hoc

353 3668 424 3761 est,
440 3667 631 3742 visibilis&
649 3669 819 3759 carnaiis,
835 3666 906 3762 ipse
924 3668 1050 3760 credo,
1064 3667 1107 3740 de
1128 3689 1201 3757 quo
1220 3665 1307 3738 dicit
1324 3687 1410 3757 apo·

307 3795 327 3818 ²
350 3768 482 3847 stolus:
510 3771 633 3838 Primus
646 3767 733 3837 bomo
746 3771 781 3839 de
793 3783 882 3838 terra
897 3785 1055 3839 terrenus.
1080 3763 1129 3840 Et
1142 3767 1246 3840 alibi:
1273 3771 1313 3835 Si
1325 3772 1410 3836 euim

335 3873 381 3952 ,r's
396 3874 451 3966 qui
463 3869 592 3937 videtur
605 3868 702 3960 molier
716 3868 803 3939 homo
813 3880 1042 3960 corrumpitur,
1061 3868 1115 3956 fed
1130 3872 1186 3962 qui
1198 3872 1289 3934 intus
1307 3867 1346 3958 eft
1361 3888 1410 3937 re·

350 3983 509 4040 novatur:
535 3967 630 4038 hunc
641 3966 806 4059 eundem,
824 3968 883 4059 qui
894 3967 1052 4050 uidetur,
1067 3966 1283 4039 exteriorem
1295 3966 1409 4040 homi·

348 4086 433 4146 nem
449 4066 639 4164 appellans.
689 4061 740 4139 Et
755 4066 885 4143 iterum
900 4068 1006 4162 dicit,
1032 4068 1114 4160 quia
1131 4091 1196 4138 nou
1206 4073 1310 4164 primo
1330 4065 1409 4160 quod

633 4183 635 4188 '
1223 4165 1355 4259 spiritu·
