3417 4692
360 377 439 480 nu
693 319 1132 462 octennio

359 491 563 638 imminpere
581 537 792 635 possumus,
819 538 920 634 quod
934 538 1130 632 unicuique
1147 534 1313 614 nostrum
1334 557 1450 614 mune

361 643 435 724 est,
461 641 652 714 &initium
663 641 735 716 diei
751 641 836 716 illud
855 655 1019 735 tempus,
1046 660 1121 732 quo
1137 639 1292 736 primum
1306 640 1445 712 illumi·

360 759 509 829 namur,
546 738 650 812 &td
674 742 795 816 lucem
812 737 898 816 fidei
923 738 1137 816 accedimus.
1189 738 1229 812 In
1248 739 1324 812 hoc
1349 758 1447 834 ergo

264 913 269 930 ,
362 853 557 934 tempore,
585 859 660 930 quo
681 841 797 916 adhuc
819 839 857 915 in
877 839 1062 935 principiis
1080 835 1164 912 fidei
1184 835 1328 930 sumus,
1366 859 1448 912 car·

278 959 281 964 ’
362 961 427 1017 nes
447 939 549 1012 verbi
570 938 640 1020 Dei
659 942 852 1016 comedere
869 958 946 1016 non
967 936 1179 1034 possumne,
1205 935 1334 1032 idest,
1360 959 1448 1030 per·

362 1037 511 1116 fecie&
528 1031 784 1116 consummate·
795 1039 966 1115 doeirinae
981 1039 1144 1114 nondum
1157 1057 1308 1131 capaces
1319 1038 1447 1112 existi·

364 1161 456 1216 mus.
509 1137 578 1212 Sed
594 1138 676 1232 post
690 1142 800 1237 ionga
819 1141 1014 1232 exercitia,
1040 1137 1121 1235 post
1135 1136 1339 1234 profectum
1361 1139 1447 1229 piu·

365 1241 517 1325 timum,
544 1250 625 1311 curn
641 1240 714 1333 jam
735 1241 893 1336 proximi
909 1239 1025 1313 sumus
1042 1241 1086 1312 ad
1106 1235 1315 1333 vesperam,
1343 1235 1379 1310 dt
1400 1236 1449 1314 ad

287 1341 289 1352 '
364 1338 478 1432 ipsum
492 1334 601 1414 finem
619 1334 849 1432 persedionis
871 1359 1061 1436 urgemur,
1088 1353 1176 1411 tunc
1193 1338 1335 1410 demum
1359 1336 1449 1410 soli·

368 1437 481 1512 dioris
502 1438 572 1510 cibi
585 1438 657 1533 ‚dt
680 1438 825 1532 perfecti
845 1441 951 1514 verbi
978 1455 1126 1532 capaces
1143 1429 1224 1510 fieri
1240 1432 1446 1529 possumus.

366 1536 480 1613 Nunc
494 1551 583 1633 ergo
598 1530 805 1613 festinemus
821 1535 964 1613 coelcste
981 1553 1109 1612 manna
1124 1533 1321 1629 suscipere:
1346 1535 1447 1610 istud

368 1640 464 1711 enim
477 1653 626 1726 manna,
651 1650 765 1731 prout
781 1640 864 1712 vult
878 1636 1045 1731 quisque,
1063 1638 1169 1710 talem
1181 1635 1344 1728 saporem
1357 1635 1445 1709 red·

367 1735 422 1810 dit
435 1737 473 1811 in
488 1751 554 1811 ore
572 1738 660 1829 ejus.
687 1736 783 1813 Audi
798 1735 895 1814 enim
911 1737 1160 1812 &Dominum
1180 1737 1359 1809 dicentem
1379 1733 1442 1829 iis,

368 1836 429 1929 qui
446 1837 627 1911 accedunt
639 1835 683 1912 ad
697 1834 751 1915 set
782 1834 860 1913 inae
879 1838 942 1912 cdi
952 1838 1221 1928 secundumfidem
1237 1853 1336 1905 ruam.
1390 1836 1445 1909 Et

367 1949 411 2016 tri
433 1954 523 2110 orso
539 1936 564 2010 si
580 1932 733 2012 verbum
754 1930 846 2032 Der,
874 1939 973 2032 quod
988 1938 1025 2012 in
1039 1932 1184 2012 ecclesia
1202 1936 1440 2028 predicatur,

254 2035 257 2042 '
367 2045 450 2110 totu
495 2034 560 2127 de,
593 2051 675 2109 tota
697 2033 903 2112 devotione
924 2036 1116 2131 suscipies,
1149 2032 1213 2109 fiet
1237 2035 1302 2105 tibi
1322 2031 1441 2127 ipsum

366 2137 552 2230 verbum,
585 2135 840 2229 quodcumque
861 2133 1046 2211 desideras.
1100 2135 1212 2209 Verbi
1240 2136 1380 2231 gratia,
1413 2133 1440 2208 ss

366 2233 569 2325 tribularis,
596 2232 805 2308 consolatur
821 2248 859 2310 te
876 2235 1017 2308 dicens:
1048 2238 1108 2308 Cor
1122 2245 1297 2306 contritum
1313 2235 1352 2307 m
1373 2236 1441 2303 hu·

367 2333 532 2406 miliarum
551 2337 641 2406 Deus
663 2357 730 2406 non
737 2336 875 2431 spernit.
927 2334 962 2408 si
979 2336 1107 2408 laetaris
1127 2356 1192 2429 pro
1217 2334 1275 2425 spe
1293 2332 1439 2424 futura,

368 2433 529 2507 cumulat
556 2434 623 2507 tibi
648 2429 774 2531 gaudia
802 2429 948 2509 dicens:
978 2438 1158 2507 Latamini
1182 2442 1217 2503 in
1241 2442 1377 2503 nummo
1399 2434 1439 2509 m

306 2564 309 2580 =
367 2534 508 2626 exultare
518 2535 609 2631 judii
661 2532 697 2607 Si
707 2528 897 2609 iracundus
915 2556 975 2629 es,
1001 2534 1140 2631 mitigat
1153 2534 1345 2607 redicens:
1374 2540 1441 2603 De·

364 2631 430 2730 fine
451 2630 490 2704 ab
507 2638 575 2718 ire,
602 2630 642 2712 θ’
661 2634 823 2735 derelinque
863 2636 1124 2729 indignationem.
1179 2634 1214 2706 Si
1234 2634 1271 2705 in
1300 2632 1439 2704 dolori·

369 2736 459 2827 hut,
486 2732 583 2806 sanat
597 2747 635 2807 te
658 2734 779 2807 dicens
797 2756 807 2808 2
844 2728 1023 2808 Dominus
1033 2736 1135 2824 sanat
1151 2758 1254 2805 omncs
1271 2736 1438 2824 irriguum

368 2850 450 2908 tuos.
476 2828 512 2906 Si
530 2846 741 2927 paupertate
756 2829 997 2929 consumeris,
1025 2834 1232 2908 consolatur
1245 2848 1283 2904 te
1300 2833 1438 2906 dicensr

369 2931 552 3008 Dominus
564 2941 680 3004 utimar
692 2934 728 3004 dt
741 2951 829 3005 terra
841 2939 982 3029 inopem,
1009 2935 1046 3010 (5
1064 2939 1236 3033 deflercore
1252 2939 1346 3021 erigit
1359 2955 1439 3025 part·

363 3051 479 3132 poem
529 3030 589 3106 Sic
611 3052 701 3127 ergo
726 3050 854 3106 manna
879 3033 981 3107 verbi
1002 3034 1071 3106 Dei
1093 3035 1211 3107 reddit
1226 3034 1261 3104 in
1286 3052 1354 3102 ore
1371 3048 1438 3104 tuo

368 3131 534 3228 soporem
559 3151 808 3224 quemcunque
832 3135 1005 3208 volueris.
1057 3134 1143 3206 Hoc
1165 3148 1285 3206 tamen
1310 3131 1333 3203 sr
1359 3133 1438 3221 quit

367 3228 564 3305 infideliter
579 3230 762 3324 suscipiat,
789 3230 916 3305 &non
932 3230 1124 3322 comedat,
1152 3232 1209 3306 sed
1228 3229 1440 3324 abscondat,

368 3350 514 3403 vermes
531 3351 575 3402 ex
601 3352 646 3404 eo
666 3333 853 3409 ebulliunt
902 3330 1055 3405 Putasne
1074 3353 1237 3424 eousque
1258 3330 1440 3410 deducen-

368 3426 450 3503 dam
472 3426 523 3502 est
550 3432 703 3504 verbum
724 3430 826 3525 Dei,
876 3448 919 3506 ut
943 3435 1049 3506 etiam
1076 3438 1208 3506 vermis
1232 3429 1310 3504 ficri
1334 3445 1440 3522 pute·

370 3527 468 3603 turi
506 3525 596 3601 Non
621 3546 658 3603 te
683 3531 742 3603 hic
766 3533 891 3605 turbet
911 3534 1075 3626 auditus,
1109 3534 1189 3606 audi
1215 3531 1439 3623 Prophetam

369 3650 415 3705 ex
442 3629 595 3722 persona
620 3632 772 3704 Domini
799 3631 1007 3706 dicentem:
1050 3637 1115 3727 Ego
1139 3651 1245 3704 aurem
1259 3636 1332 3720 sum
1362 3656 1439 3699 uer·

239 3767 245 3784 =
297 3799 300 3806 ,
368 3739 428 3800 nur
454 3732 491 3804 m
517 3756 583 3800 non
605 3732 705 3805 homo.
764 3729 865 3803 Sicut
891 3733 984 3806 enirn
1013 3730 1085 3824 ipse
1105 3731 1181 3825 est,
1217 3734 1275 3823 qui
1298 3727 1341 3801 fit
1361 3730 1440 3806 aliid

334 3903 336 3908 .
368 3830 407 3903 in
424 3831 581 3922 ruinam,
609 3831 683 3902 aliis
700 3844 819 3904 autem
838 3831 876 3903 in
899 3827 1215 3920 resurresiionemt
1242 3835 1292 3902 itn
1312 3830 1346 3902 dt
1365 3829 1440 3922 ipse

367 3928 445 4019 est,
484 3932 542 4022 qui
570 3951 667 4004 nunc
694 3932 730 4001 in
758 3950 888 4004 manna
911 3927 1075 4004 fidelibus
1111 3934 1251 4023 quidem
1277 3931 1438 4004 dulcedo

367 4029 511 4124 meliis,
547 4029 752 4106 infidelibus
776 4046 899 4108 autem
923 4033 1054 4108 vermis
1076 4030 1238 4108 efficitur.
1289 4029 1369 4145 lpse
1388 4029 1441 4105 est

1289 4152 1388 4207 etum
