3417 4692
363 343 367 352 '
491 381 1236 467 rucanastsrnonratau.
1319 398 1402 484 aas·
1478 379 1483 392 “

328 545 495 640 respicias
513 547 562 620 ‘ad
581 546 779 624 Dominum
793 549 955 624 nostrum
971 550 1088 646 Jesum
1111 550 1310 645 Christum,
1336 553 1392 650 xde

325 659 405 738 ,quo
421 647 568 718 dicitur:
598 649 780 742 Eceragtsus
796 655 879 737 Dei„
894 676 956 722 ecce
968 657 1024 749 qui
1036 653 1120 721 redit
1124 668 1247 747 peccata
1260 653 1370 724 munii
1375 675 1391 742 ‚·

328 749 462 822 iterum
477 746 521 819 de
537 767 617 837 quo.
627 746 773 822 diciturt
808 750 924 822 Fadius
932 771 988 847 pra
1003 751 1094 820 asebis
1109 749 1328 840 maestitiam,
1352 769 1392 824 ut

329 869 389 918 nes
403 849 438 916 de
456 844 616 918 malediiia
632 849 705 942 legas
729 851 910 937 redimerem·
936 852 1065 922 iterum
1088 871 1169 924 cum
1192 851 1297 923 dicis:
1329 855 1391 924 Ve-

317 952 401 1044 nire
421 945 463 1016 ad
479 970 525 1016 me
545 971 669 1030 omues,
691 955 750 1046 qui
769 951 941 1038 laboratis,
966 948 1006 1027 (5
1022 957 1150 1022 onerati
1166 949 1252 1048 estis,
1279 950 1317 1026 (5
1340 977 1392 1046 ege

332 1048 469 1140 reficiam
486 1070 566 1132 vas,
593 1047 631 1122 (Ἰ
647 1049 823 1119 invenietis
843 1057 975 1148 requiem
999 1049 1164 1119 animabus
1184 1050 1312 1145 vetitis:
1338 1055 1391 1132 in,-

330 1147 458 1218 venies
473 1145 570 1218 hunc
587 1143 676 1238 effe,
700 1149 758 1239 qui
776 1168 864 1222 vere
878 1150 1036 1241 requiem
1057 1149 1154 1221 dedit
1169 1149 1389 1244 hominibus,

330 1245 365 1324 δι
387 1246 555 1316 liberavit
581 1259 710 1322 terram
734 1248 778 1320 de
806 1247 1018 1340 maledieto,
1053 1270 1125 1340 quo
1149 1247 1332 1321 maledixit
1356 1252 1389 1322 ei

328 1341 510 1416 Dominus
532 1345 645 1418 Deus.
679 1393 681 1400 ·
703 1346 797 1419 Huic
820 1369 907 1446 ergo
929 1348 1073 1439 spiritati
1093 1347 1207 1440 Noe,
1250 1348 1309 1436 qui
1334 1369 1390 1418 rc-

331 1445 451 1533 quiem
468 1442 567 1516 dedit
577 1437 801 1539 bominibus,
829 1449 863 1530 ἃ
879 1449 962 1522 tulit
972 1461 1160 1540 peccatum
1174 1446 1317 1540 mundi,
1340 1445 1389 1528 di·

330 1543 440 1614 citur:
471 1548 573 1612 mares
595 1547 770 1618 tetrarum
787 1574 824 1618 ex
841 1552 935 1640 lignis
950 1550 1124 1644 quadratis.
1372 1631 1379 1642 .

406 1665 441 1729 4.
468 1639 662 1718 Videamus
677 1664 766 1740 crgo
781 1699 793 1736 ,
820 1669 898 1738 quae
913 1645 955 1722 fit
969 1647 1137 1740 quadrata
1152 1645 1256 1741 ligna.
1291 1647 1388 1744 Qua·

330 1742 469 1815 dratum
492 1739 563 1834 est,
591 1743 689 1834 quod
710 1747 806 1818 nulla
825 1747 971 1820 vacillat
990 1769 1034 1820 ex
1058 1760 1188 1837 parte,
1220 1742 1279 1816 sed
1298 1765 1386 1835 quo

329 1860 483 1930 cumque
510 1843 689 1936 verteris,
726 1839 848 1920 sade&
874 1841 986 1922 solida
1005 1845 1193 1918 stabilitate
1217 1842 1385 1918 confistit.

326 1938 395 2012 Ista
415 1939 493 2010 sunt
510 1941 624 2036 ligna,
652 1964 728 2031 quae
745 1965 853 2020 omne
871 1943 1015 2038 pondus
1039 1945 1099 2017 vel
1117 1944 1316 2016 animalium
1334 1942 1387 2014 in·

327 2039 521 2130 trinsecus,
548 2042 609 2113 vel
641 2039 810 2116 fluuuun
844 2042 1060 2118 extrinsecus
1094 2043 1224 2116 ferunt.
1317 2061 1385 2112 uos

326 2160 395 2232 ego
418 2139 573 2209 arbitror
594 2139 761 2216 douores
780 2139 848 2218 eise
873 2145 911 2216 in
934 2139 1114 2234 Ecclesia,
1151 2140 1289 2236 &magi
1341 2159 1384 2212 os

320 2252 435 2328 ¹atque
459 2240 682 2312 aemulatores
705 2238 817 2333 fidei,
849 2244 908 2336 qui
929 2242 963 2314 dc
987 2243 1144 2335 populos
1169 2236 1382 2314 intrinsecus

325 2336 465 2430 potitos
478 2337 591 2409 verbo
608 2341 925 2434 commonitionis,
943 2341 977 2416 dt
993 2340 1161 2418 dourinae
1173 2339 1285 2436 gratia
1296 2358 1384 2410 con-

308 2435 511 2525 rsolantur,
539 2436 876 2533 &impugnantibus
894 2440 1135 2529 extrinsecus,
1162 2440 1222 2511 vel
1244 2437 1385 2534 gentili-

325 2537 415 2624 bus,
443 2535 504 2607 vel
522 2534 717 2631 haereticis,
751 2539 786 2610 &
809 2539 1041 2632 quaestionum
1061 2537 1209 2629 flauas,
1237 2559 1278 2608 ac
1296 2557 1384 2628 pro·

326 2636 435 2706 cellas
465 2635 697 2710 certaminum
720 2640 1061 2728 commoventibus,
1096 2637 1233 2708 virtute
1258 2635 1383 2713 verbi,

325 2755 370 2806 ac
396 2731 564 2828 sapientia
588 2735 737 2808 rationis
759 2736 941 2812 obsistunt.
1000 2737 1068 2807 Vis
1092 2747 1211 2808 autem
1233 2734 1385 2826 videre,¹

314 2833 427 2926 ¹quod
451 2835 545 2929 ligna
561 2835 786 2908 rationabilia
807 2838 917 2910 novit
938 2831 1110 2930 scriptura
1125 2831 1278 2906 divina?
1310 2831 1383 2920 Re·

315 2930 542 3022 censeamus,
552 2932 636 3025 quid
649 2935 742 3032 apud
751 2934 980 3010 Ezechielem
988 2935 1200 3029 prophetam
1214 2929 1383 3025 scriptum

324 3031 404 3106 est:
431 3031 478 3103 Et
493 3031 619 3123 faiium
639 3037 702 3132 ιβ,
735 3033 871 3127 inquit,
904 3040 942 3106 in
965 3035 1121 3112 undecima
1140 3055 1255 3119 anne,
1285 3033 1381 3118 tertie

324 3131 444 3216 matese,
470 3155 536 3202 une
555 3125 743 3230 die'menfim
763 3133 891 3226 sudium
909 3133 950 3234 est
967 3133 1096 3206 uerbum
1118 3135 1256 3204 Domini
1272 3130 1314 3200 ad
1332 3149 1381 3198 me
1401 3173 1404 3178 ,

313 3231 450 3320 dicens:
468 3233 526 3321 fili
544 3233 682 3304 hominis
701 3236 747 3305 dic
766 3234 806 3306 ad
830 3235 1025 3308 Pharaonem
1045 3257 1140 3328 regem
1158 3233 1317 3326 AEgupti,
1340 3225 1380 3304 (ἵ

323 3333 367 3432 ad
383 3331 621 3403 multitudinem
637 3338 720 3432 ejus:
750 3335 811 3405 Cui
828 3352 861 3407 te
873 3333 1007 3430 fimilem
1025 3333 1112 3426 sacis
1130 3336 1169 3418 in
1187 3330 1381 3404 exaltatione
1405 3385 1409 3392 .

324 3429 412 3530 rue?
441 3433 517 3502 Ecce
535 3429 629 3525 Affitr
640 3429 791 3530 eupreffits
807 3439 845 3504 in
863 3435 1010 3521 Libano,
1029 3431 1181 3531 speciosus
1199 3433 1316 3516 ramis,
1340 3427 1380 3503 <5

323 3532 477 3624 candmfis
493 3532 697 3617 umbraculis,
724 3531 762 3610 θ
778 3533 910 3623 excelfiu
926 3539 964 3604 in
978 3533 1165 3606 altitudine.
1208 3533 1301 3602 Inter
1314 3551 1379 3600 me·

312 3634 395 3716 ‚aias
412 3632 510 3702 nubes
526 3629 653 3723 faidum
670 3633 709 3731 est
725 3658 870 3704 cacumen
891 3638 978 3732 ejus,
1002 3658 1086 3731 aqua
1101 3633 1266 3703 enutrivit
1289 3649 1377 3714 eum,
1463 3643 1468 3666 ¹

312 3731 365 3820 ‚ct
380 3733 505 3825 adustus
522 3735 683 3804 exaltavit
702 3757 799 3820 eum,
830 3735 870 3809 U
886 3735 1023 3806 adduxit
1045 3735 1150 3804 amnia
1163 3727 1304 3828 flumina
1316 3727 1379 3812 sua

323 3838 407 3903 eirca
433 3856 530 3915 eum,
563 3832 601 3911 σ
619 3837 861 3927 congregationes
878 3832 955 3922 sum
981 3833 1076 3928 emrfit
1092 3833 1132 3903 ad
1158 3831 1265 3901 amnia
1289 3826 1379 3918 ligne

322 3940 432 4028 mii·
486 3934 650 4029 Propterea
679 3935 820 4006 exaltata
843 3932 884 4030 est
906 3930 1040 4006 altitudo
1065 3927 1187 4030 ejusfie
1223 3949 1241 3997 r
1270 3929 1379 3996 emnia

315 4035 413 4130 ‚digna
439 4036 550 4130 campi.
599 4031 648 4108 Et
669 4032 750 4132 post
769 4033 1014 4228 patffaadicit:
1050 3949 1378 4230 Cyptssepemgz?
