3417 4692
492 414 776 493 salucra
801 414 869 493 ru
896 411 1192 496 nruusru.
1302 409 1423 515 foy*

314 583 429 655 citum
450 578 574 668 fuille3
612 576 672 652 sed
692 579 728 653 id
755 602 802 654 ex
826 580 948 653 verbis
972 578 1048 672 eius
1069 577 1291 661 manifestum
1322 580 1383 659 est.

316 679 632 779 Quemadmodum
651 681 744 753 enim
759 679 980 754 Lamachum
998 682 1197 776 quempiam
1215 680 1385 756 occidille

315 801 499 871 nunquam
512 794 743 853 narraverat:
770 777 829 853 sed
843 782 874 853 is
894 778 1017 871 postea
1033 780 1239 872 requiritur,
1265 779 1301 851 id
1315 784 1384 854 cla·

314 902 357 952 re
385 879 607 953 enuntiavit:
643 878 755 951 ita&
780 880 855 953 hoc
888 882 987 953 loco,
1041 878 1254 971 Plerumque
1275 880 1384 976 igitur

316 978 595 1073 scripturaque
611 978 773 1052 interum
787 978 961 1075 gestarum
977 978 1270 1053 recenlionenon
1285 999 1384 1056 enar·

316 1096 398 1172 rat,
424 1077 548 1169 postea
561 1077 633 1149 aiio
650 1078 858 1170 referente,
886 1078 1065 1170 declarare
1082 1074 1186 1152 solet.

401 1184 484 1249 oves
498 1173 612 1255 tua&
630 1199 728 1273 capra
753 1198 815 1249 tua
833 1179 955 1273 fteriles
974 1204 1040 1247 non
1058 1177 1205 1263 fuerunt.
1256 1174 1385 1252 Arietet

316 1284 419 1371 gregis
436 1283 487 1347 tui
502 1302 570 1349 non
588 1282 734 1370 comeda]
757 1279 853 1351 Boni
870 1277 1019 1372 pastoris
1040 1273 1170 1349 fiducia
1186 1275 1395 1351 ostenditur

317 1379 375 1452 his
397 1377 573 1469 vocibus,
596 1399 681 1469 quas
702 1377 913 1451 imitandum
934 1376 995 1452 est.
1046 1376 1189 1450 Pariaut
1206 1398 1295 1474 ergo
1311 1378 1386 1451 fru-

319 1478 397 1551 ctus
418 1476 589 1571 spiritales
607 1498 732 1573 greges
753 1478 880 1552 ovium
896 1477 930 1550 dt
947 1495 1142 1568 caprarum.
1192 1475 1314 1560 Sed&
1334 1476 1386 1550 di·

318 1579 416 1650 vites
443 1578 557 1671 gregis
583 1598 630 1648 ne
656 1576 897 1654 comedamus.
956 1577 1139 1677 Quoniam
1166 1589 1284 1649 autem
1308 1597 1387 1651 non

318 1677 555 1748 inveniuntur
578 1676 656 1767 ejus
673 1676 720 1747 dii
737 1729 750 1766 ‚
784 1674 884 1766 palla
904 1676 971 1748 init
997 1696 1078 1747 curn
1095 1673 1221 1747 divino
1242 1675 1389 1770 Jacobs

319 1775 540 1867 demandas,
566 1775 710 1868 quando
726 1772 832 1851 falsos
849 1775 982 1870 abjecit
997 1774 1108 1868 deos,
1134 1774 1267 1871 audeus
1284 1773 1385 1848 Chri-

319 1874 361 1951 sti
380 1874 491 1950 factus
510 1873 571 1949 eu

408 2078 506 2144 Dixit
519 2090 623 2144 autem
640 2057 740 2169 Jacob
748 2073 912 2164 fra‘ribus
920 2075 1008 2163 suis:
1038 2074 1177 2166 Codigr'te
1189 2075 1323 2165 lapides,
1346 2071 1386 2151 (5

320 2174 507 2267 collegerunt
535 2175 681 2270 lapidea]
732 2172 774 2245 ln
806 2168 1018 2248 Ecclesiaste
1045 2193 1192 2266 quoque
1217 2172 1386 2267 scriptum

323 2273 392 2346 est:
423 2267 553 2367 ‘l‘empus
568 2274 712 2371 jaciendi
734 2275 875 2369 lapides,
908 2271 947 2350 (Ἰ
973 2293 1094 2368 tempus
1120 2274 1284 2367 colligendi
1306 2274 1387 2370 lapi·

320 2378 382 2443 da.
436 2370 665 2468 Colliguntur
681 2388 801 2450 autem
820 2371 914 2465 juliu
932 2374 1068 2471 Jacob,
1095 2374 1156 2463 qui
1173 2385 1283 2466 typus
1309 2386 1388 2446 erat

324 2471 471 2563 Christi,
497 2487 539 2544 ut
552 2470 742 2546 aedificatio
759 2474 983 2566 compleatur
999 2471 1102 2565 super
1118 2472 1389 2546 fundamentum

322 2571 399 2665 ipso
419 2570 552 2645 summo
570 2571 727 2667 angulari
750 2572 868 2669 lapide
889 2570 1032 2645 Christo
1052 2571 1216 2644 Domino
1235 2571 1386 2667 nostro,

323 2696 368 2771 ex
383 2673 557 2763 lapidibus
576 2672 693 2764 vivis,
719 2671 864 2762 quando
880 2669 922 2746 fit
937 2672 1065 2755 domus
1080 2668 1264 2765 spiritalis,
1289 2670 1386 2745 sacer
1426 2687 1431 2714 ¹

324 2774 465 2845 dorium
482 2769 649 2843 sanctum.
1166 2799 1167 2802 ¹
1418 2805 1421 2811 ·

329 2931 333 2936 .
401 2873 447 2941 Et
468 2872 636 2957 conversas
650 2903 655 2913 ·
669 2869 781 2939 Laban
801 2868 883 2938 abiit
907 2873 945 2939 in
966 2869 1066 2939 locum
1077 2869 1199 2959 sum]
1225 2866 1315 2942 Mali
1332 2869 1388 2941 loa
1455 2861 1458 2890 '

323 2992 385 3041 cus
402 2990 518 3064 prope
536 2968 586 3043 est
601 2971 650 3041 ob
669 2970 949 3061 improbitatem.
976 2967 1062 3060 Ejus
1077 2982 1210 3060 autem,
1226 2968 1286 3058 qui
1303 2989 1388 3073 pro-

322 3068 479 3142 ficiendo
510 3072 580 3141 iter
604 3069 701 3163 agit,
735 3068 906 3161 quoniam
925 3066 1132 3163 proculest
1155 3070 1281 3160 locus,
1308 3089 1387 3141 uon

324 3171 474 3263 exiguus
494 3167 544 3241 est
560 3170 676 3241 labor.
957 3219 965 3236 t
1370 3195 1375 3204 ·

404 3270 450 3337 lia
464 3269 607 3361 fuerunt
631 3274 660 3337 er'
680 3267 805 3339 obviam
827 3269 942 3361 Angeli
968 3266 1061 3355 Det]
1112 3265 1293 3341 Dominus
1318 3266 1408 3338 uita*
1459 3349 1461 3354 ¹

324 3366 470 3457 Egosum
492 3374 561 3438 via.
614 3369 688 3467 Qui
714 3388 803 3462 ergo
828 3367 1037 3443 hancviam
1062 3364 1241 3463 sequitur,
1268 3364 1302 3440 ei
1323 3367 1388 3437 ob·

323 3468 421 3572 qiam
438 3481 525 3539 eunt
540 3464 673 3561 Angeli
690 3466 770 3540 Dei.
1044 3540 1054 3556 ‚

402 3569 447 3637 Er
461 3574 605 3663 pracepit
618 3571 663 3637 eir
687 3567 811 3635 dicens:
838 3565 894 3635 Sic
911 3564 1022 3635 dicatis
1043 3566 1181 3638 Domino
1196 3587 1261 3636 meo
1279 3563 1389 3652 Esau

324 3669 389 3737 hac
418 3669 495 3737 dicit
516 3667 632 3754 servus
655 3682 730 3735 tuus
764 3664 886 3758 Jacob.-
921 3666 1004 3759 apud
1028 3664 1143 3736 &bau
1166 3670 1388 3759 peregrinatus

316 3770 418 3856 jum]
452 3766 615 3839 Honoris
629 3762 730 3837 causa
746 3762 894 3836 fratrem
912 3778 1000 3836 natu
1014 3764 1188 3855 maiorem
1204 3760 1334 3854 absque
1349 3762 1389 3837 sr-

274 3884 281 3902 ·
323 3867 522 3939 mulatione
536 3864 735 3937 Dominum
749 3861 848 3935 suum
863 3879 986 3936 vocat.
1023 3861 1145 3935 Sed&
1165 3862 1388 3955 responfioba-
1441 3887 1471 3966 ιε

324 3971 411 4035 mdis
432 3968 556 4037 averrit
572 3970 665 4039 iram.
712 3962 764 4035 Et
780 3975 948 4053 tauquam
963 3964 1076 4037 homo
1093 3960 1236 4052 quidem
1252 3960 1396 4057 timuit,-

323 4067 410 4138 1)ρο
428 4086 519 4137 uero
544 4062 721 4161 conlisus,
749 4058 953 4159 nonfugit,
978 4058 1202 4138 sedaccellit.
