<?xml version="1.0" encoding="UTF-8"?>
<!DOCTYPE html PUBLIC "-//W3C//DTD XHTML 1.0 Transitional//EN"
    "http://www.w3.org/TR/xhtml1/DTD/xhtml1-transitional.dtd">
<html xmlns="http://www.w3.org/1999/xhtml" xml:lang="en" lang="en">
 <head>
  <title>
</title>
<meta http-equiv="Content-Type" content="text/html;charset=utf-8" />
  <meta name='ocr-system' content='tesseract 3.04.00' />
  <meta name='ocr-capabilities' content='ocr_page ocr_carea ocr_par ocr_line ocrx_word'/>
</head>
<body>
  <div class='ocr_page' id='page_1' title='image "./operaomniasanct02unkngoog/operaomniasanct02unkngoog_0455.png"; bbox 0 0 3417 4692; ppageno 0'>
   <div class='ocr_carea' id='block_1_1' title="bbox 570 429 1340 533">
    <p class='ocr_par' dir='ltr' id='par_1_1' title="bbox 570 429 1340 533">
     <span class='ocr_line' id='line_1_1' title="bbox 570 429 1340 533; baseline 0.009 -20"><span class='ocrx_word' id='word_1_1' title='bbox 570 429 1111 533; x_wconf 70' lang='lat' dir='ltr'>luuxonum.</span> <span class='ocrx_word' id='word_1_2' title='bbox 1269 451 1340 525; x_wconf 73' lang='lat' dir='ltr'>ut</span> 
     </span>
    </p>
   </div>
   <div class='ocr_carea' id='block_1_2' title="bbox 238 585 1475 4262">
    <p class='ocr_par' dir='ltr' id='par_1_2' title="bbox 238 585 1475 4262">
     <span class='ocr_line' id='line_1_2' title="bbox 238 585 1347 694; baseline -0.005 -20"><span class='ocrx_word' id='word_1_3' title='bbox 238 585 239 590; x_wconf 8' lang='grc' dir='ltr'><strong><em>Ν</em></strong></span> <span class='ocrx_word' id='word_1_4' title='bbox 284 612 425 694; x_wconf 70' lang='lat' dir='ltr'>regrum</span> <span class='ocrx_word' id='word_1_5' title='bbox 441 592 672 694; x_wconf 72' lang='lat' dir='ltr'>persedionis</span> <span class='ocrx_word' id='word_1_6' title='bbox 691 616 878 669; x_wconf 86' lang='lat' dir='ltr'>numerum</span> <span class='ocrx_word' id='word_1_7' title='bbox 899 607 1075 689; x_wconf 80' lang='lat' dir='ltr'><strong>teneant,</strong></span> <span class='ocrx_word' id='word_1_8' title='bbox 1107 592 1250 690; x_wconf 75' lang='lat' dir='ltr'>&amp;regis</span> <span class='ocrx_word' id='word_1_9' title='bbox 1270 591 1347 668; x_wconf 89' lang='lat' dir='ltr'>De·</span> 
     </span>
     <span class='ocr_line' id='line_1_3' title="bbox 284 693 1343 792; baseline -0.002 -23"><span class='ocrx_word' id='word_1_10' title='bbox 284 699 450 792; x_wconf 80' lang='lat' dir='ltr'>calogum</span> <span class='ocrx_word' id='word_1_11' title='bbox 470 693 616 790; x_wconf 84' lang='lat' dir='ltr'>fignent.</span> <span class='ocrx_word' id='word_1_12' title='bbox 679 696 755 792; x_wconf 83' lang='lat' dir='ltr'>Jatn</span> <span class='ocrx_word' id='word_1_13' title='bbox 779 716 871 768; x_wconf 89' lang='lat' dir='ltr'>vero</span> <span class='ocrx_word' id='word_1_14' title='bbox 899 695 1031 785; x_wconf 87' lang='lat' dir='ltr'>cocci,</span> <span class='ocrx_word' id='word_1_15' title='bbox 1072 693 1343 787; x_wconf 85' lang='lat' dir='ltr'>&amp;hyacinthi,</span> 
     </span>
     <span class='ocr_line' id='line_1_4' title="bbox 263 788 1342 890; baseline -0.005 -20"><span class='ocrx_word' id='word_1_16' title='bbox 263 835 265 840; x_wconf 95' lang='lat'>·</span> <span class='ocrx_word' id='word_1_17' title='bbox 282 788 310 870; x_wconf 89' lang='lat' dir='ltr'>b</span> <span class='ocrx_word' id='word_1_18' title='bbox 381 848 393 886; x_wconf 90' lang='lat'>,</span> <span class='ocrx_word' id='word_1_19' title='bbox 420 814 461 869; x_wconf 84' lang='lat' dir='ltr'>ac</span> <span class='ocrx_word' id='word_1_20' title='bbox 475 813 638 888; x_wconf 81' lang='lat' dir='ltr'>purpurae</span> <span class='ocrx_word' id='word_1_21' title='bbox 653 793 791 890; x_wconf 87' lang='lat' dir='ltr'>specie,</span> <span class='ocrx_word' id='word_1_22' title='bbox 820 796 932 868; x_wconf 85' lang='lat' dir='ltr'>muita</span> <span class='ocrx_word' id='word_1_23' title='bbox 948 815 989 867; x_wconf 89' lang='lat' dir='ltr'>ac</span> <span class='ocrx_word' id='word_1_24' title='bbox 1006 792 1143 866; x_wconf 86' lang='lat' dir='ltr'>diversa</span> <span class='ocrx_word' id='word_1_25' title='bbox 1159 813 1270 887; x_wconf 85' lang='lat' dir='ltr'>opera</span> <span class='ocrx_word' id='word_1_26' title='bbox 1284 805 1342 866; x_wconf 82' lang='lat' dir='ltr'>er&#39;r·</span> 
     </span>
     <span class='ocr_line' id='line_1_5' title="bbox 323 891 1345 986; baseline -0.001 -19"><span class='ocrx_word' id='word_1_27' title='bbox 323 905 472 970; x_wconf 84' lang='lat' dir='ltr'>reantur.</span> <span class='ocrx_word' id='word_1_28' title='bbox 533 891 622 967; x_wconf 90' lang='lat' dir='ltr'>Inde</span> <span class='ocrx_word' id='word_1_29' title='bbox 647 895 825 986; x_wconf 83' lang='lat' dir='ltr'>tentoria,</span> <span class='ocrx_word' id='word_1_30' title='bbox 851 893 935 966; x_wconf 85' lang='lat' dir='ltr'>inde</span> <span class='ocrx_word' id='word_1_31' title='bbox 953 893 1076 965; x_wconf 86' lang='lat' dir='ltr'>velum</span> <span class='ocrx_word' id='word_1_32' title='bbox 1097 894 1282 985; x_wconf 84' lang='lat' dir='ltr'>exterius,</span> <span class='ocrx_word' id='word_1_33' title='bbox 1310 891 1345 966; x_wconf 73' lang='lat' dir='ltr'>du</span> 
     </span>
     <span class='ocr_line' id='line_1_6' title="bbox 283 985 1344 1087; baseline 0 -22"><span class='ocrx_word' id='word_1_34' title='bbox 283 985 454 1087; x_wconf 75' lang='lat' dir='ltr'>interius,</span> <span class='ocrx_word' id='word_1_35' title='bbox 478 991 562 1066; x_wconf 88' lang='lat' dir='ltr'>inde</span> <span class='ocrx_word' id='word_1_36' title='bbox 581 992 919 1087; x_wconf 61' lang='lat' dir='ltr'>totusucerdotaiisg</span> <span class='ocrx_word' id='word_1_37' title='bbox 946 989 1206 1085; x_wconf 84' lang='lat' dir='ltr'>&amp;pontificalis</span> <span class='ocrx_word' id='word_1_38' title='bbox 1220 990 1344 1086; x_wconf 82' lang='lat' dir='ltr'>vestis,</span> 
     </span>
     <span class='ocr_line' id='line_1_7' title="bbox 266 1089 1343 1189; baseline 0 -22"><span class='ocrx_word' id='word_1_39' title='bbox 266 1105 375 1167; x_wconf 76' lang='lat' dir='ltr'>&#39;auro</span> <span class='ocrx_word' id='word_1_40' title='bbox 390 1092 425 1166; x_wconf 73' lang='grc' dir='ltr'>δι</span> <span class='ocrx_word' id='word_1_41' title='bbox 441 1094 586 1189; x_wconf 77' lang='lat' dir='ltr'>gemmis</span> <span class='ocrx_word' id='word_1_42' title='bbox 609 1093 796 1188; x_wconf 83' lang='lat' dir='ltr'>expeditur</span> <span class='ocrx_word' id='word_1_43' title='bbox 822 1089 1004 1181; x_wconf 74' lang='lat' dir='ltr'>adiuntiis.</span> <span class='ocrx_word' id='word_1_44' title='bbox 1055 1091 1126 1167; x_wconf 84' lang='lat' dir='ltr'>Sed</span> <span class='ocrx_word' id='word_1_45' title='bbox 1145 1112 1191 1163; x_wconf 88' lang='lat' dir='ltr'>ne</span> <span class='ocrx_word' id='word_1_46' title='bbox 1210 1090 1343 1167; x_wconf 80' lang='lat' dir='ltr'>diutiur</span> 
     </span>
     <span class='ocr_line' id='line_1_8' title="bbox 285 1189 1344 1288; baseline 0.002 -24"><span class='ocrx_word' id='word_1_47' title='bbox 285 1209 351 1288; x_wconf 84' lang='lat' dir='ltr'>per</span> <span class='ocrx_word' id='word_1_48' title='bbox 372 1189 579 1287; x_wconf 83' lang='lat' dir='ltr'>fingularum</span> <span class='ocrx_word' id='word_1_49' title='bbox 598 1191 823 1266; x_wconf 84' lang='lat' dir='ltr'>demoremur</span> <span class='ocrx_word' id='word_1_50' title='bbox 847 1190 980 1283; x_wconf 74' lang='lat' dir='ltr'>species</span> <span class='ocrx_word' id='word_1_51' title='bbox 1004 1191 1201 1276; x_wconf 81' lang='lat' dir='ltr'>virtutum,</span> <span class='ocrx_word' id='word_1_52' title='bbox 1226 1190 1344 1283; x_wconf 80' lang='lat' dir='ltr'>poii&#39;u·</span> 
     </span>
     <span class='ocr_line' id='line_1_9' title="bbox 283 1286 1343 1386; baseline 0.002 -20"><span class='ocrx_word' id='word_1_53' title='bbox 283 1309 363 1366; x_wconf 87' lang='lat' dir='ltr'>mus</span> <span class='ocrx_word' id='word_1_54' title='bbox 385 1290 547 1365; x_wconf 85' lang='lat' dir='ltr'>breviter</span> <span class='ocrx_word' id='word_1_55' title='bbox 571 1289 715 1385; x_wconf 81' lang='lat' dir='ltr'>dicere‚·</span> <span class='ocrx_word' id='word_1_56' title='bbox 748 1292 807 1365; x_wconf 86' lang='lat' dir='ltr'>iila</span> <span class='ocrx_word' id='word_1_57' title='bbox 828 1286 1013 1386; x_wconf 80' lang='lat' dir='ltr'>fignificari</span> <span class='ocrx_word' id='word_1_58' title='bbox 1034 1309 1102 1384; x_wconf 88' lang='lat' dir='ltr'>per</span> <span class='ocrx_word' id='word_1_59' title='bbox 1117 1290 1194 1363; x_wconf 80' lang='lat' dir='ltr'>haec</span> <span class='ocrx_word' id='word_1_60' title='bbox 1216 1291 1343 1381; x_wconf 75' lang='lat' dir='ltr'>quibus</span> 
     </span>
     <span class='ocr_line' id='line_1_10' title="bbox 286 1386 1344 1490; baseline 0.001 -28"><span class='ocrx_word' id='word_1_61' title='bbox 286 1404 476 1490; x_wconf 69' lang='lat' dir='ltr'>ornaretur</span> <span class='ocrx_word' id='word_1_62' title='bbox 497 1386 665 1468; x_wconf 77' lang='lat' dir='ltr'>Ecclesia.</span> <span class='ocrx_word' id='word_1_63' title='bbox 716 1389 820 1463; x_wconf 80' lang='lat' dir='ltr'>Fides</span> <span class='ocrx_word' id='word_1_64' title='bbox 839 1391 917 1481; x_wconf 69' lang='lat' dir='ltr'>eius</span> <span class='ocrx_word' id='word_1_65' title='bbox 930 1409 1018 1462; x_wconf 87' lang='lat' dir='ltr'>auro</span> <span class='ocrx_word' id='word_1_66' title='bbox 1036 1389 1195 1464; x_wconf 83' lang='lat' dir='ltr'>conferri</span> <span class='ocrx_word' id='word_1_67' title='bbox 1209 1391 1344 1488; x_wconf 84' lang='lat' dir='ltr'>potest,</span> 
     </span>
     <span class='ocr_line' id='line_1_11' title="bbox 283 1481 1344 1584; baseline 0 -20"><span class='ocrx_word' id='word_1_68' title='bbox 283 1481 401 1565; x_wconf 80' lang='lat' dir='ltr'>senno</span> <span class='ocrx_word' id='word_1_69' title='bbox 422 1488 683 1582; x_wconf 78' lang='lat' dir='ltr'>praedicationis</span> <span class='ocrx_word' id='word_1_70' title='bbox 709 1491 784 1582; x_wconf 84' lang='lat' dir='ltr'>ejus</span> <span class='ocrx_word' id='word_1_71' title='bbox 806 1503 975 1584; x_wconf 78' lang='lat' dir='ltr'>argent03</span> <span class='ocrx_word' id='word_1_72' title='bbox 1015 1489 1187 1581; x_wconf 77' lang='lat' dir='ltr'>lapidibus</span> <span class='ocrx_word' id='word_1_73' title='bbox 1208 1492 1344 1582; x_wconf 83' lang='lat' dir='ltr'>pretio-</span> 
     </span>
     <span class='ocr_line' id='line_1_12' title="bbox 282 1586 1344 1686; baseline 0.001 -23"><span class='ocrx_word' id='word_1_74' title='bbox 282 1587 350 1681; x_wconf 82' lang='lat' dir='ltr'>fit,</span> <span class='ocrx_word' id='word_1_75' title='bbox 376 1608 422 1660; x_wconf 86' lang='lat' dir='ltr'>aes</span> <span class='ocrx_word' id='word_1_76' title='bbox 441 1587 641 1682; x_wconf 81' lang='lat' dir='ltr'>patientiae3</span> <span class='ocrx_word' id='word_1_77' title='bbox 666 1590 769 1686; x_wconf 80' lang='lat' dir='ltr'>lignis</span> <span class='ocrx_word' id='word_1_78' title='bbox 785 1588 1059 1682; x_wconf 86' lang='lat' dir='ltr'>imputribilibus</span> <span class='ocrx_word' id='word_1_79' title='bbox 1072 1586 1236 1686; x_wconf 78' lang='lat' dir='ltr'>scientia,</span> <span class='ocrx_word' id='word_1_80' title='bbox 1263 1610 1344 1681; x_wconf 81' lang='lat' dir='ltr'>quae</span> 
     </span>
     <span class='ocr_line' id='line_1_13' title="bbox 238 1685 1401 1784; baseline -0.003 -22"><span class='ocrx_word' id='word_1_81' title='bbox 238 1749 243 1762; x_wconf 93' lang='lat'>.</span> <span class='ocrx_word' id='word_1_82' title='bbox 285 1707 352 1784; x_wconf 84' lang='lat' dir='ltr'>per</span> <span class='ocrx_word' id='word_1_83' title='bbox 375 1688 511 1782; x_wconf 87' lang='lat' dir='ltr'>lignum</span> <span class='ocrx_word' id='word_1_84' title='bbox 543 1691 665 1779; x_wconf 86' lang='lat' dir='ltr'>venit,</span> <span class='ocrx_word' id='word_1_85' title='bbox 698 1703 760 1761; x_wconf 83' lang='lat' dir='ltr'>rut</span> <span class='ocrx_word' id='word_1_86' title='bbox 783 1686 1012 1779; x_wconf 79' lang='lat' dir='ltr'>incorruptio</span> <span class='ocrx_word' id='word_1_87' title='bbox 1046 1685 1237 1781; x_wconf 68' lang='lat' dir='ltr'>castitatis,</span> <span class='ocrx_word' id='word_1_88' title='bbox 1264 1697 1344 1780; x_wconf 70' lang='lat' dir='ltr'>quae&#39;⁸</span> <span class='ocrx_word' id='word_1_89' title='bbox 1399 1745 1401 1748; x_wconf 90' lang='lat'>.</span> 
     </span>
     <span class='ocr_line' id='line_1_14' title="bbox 284 1784 1344 1882; baseline 0 -20"><span class='ocrx_word' id='word_1_90' title='bbox 284 1806 475 1879; x_wconf 81' lang='lat' dir='ltr'>numquam</span> <span class='ocrx_word' id='word_1_91' title='bbox 484 1784 697 1875; x_wconf 78' lang='lat' dir='ltr'>veterascit3</span> <span class='ocrx_word' id='word_1_92' title='bbox 723 1785 825 1881; x_wconf 80' lang='lat' dir='ltr'>byiio</span> <span class='ocrx_word' id='word_1_93' title='bbox 843 1787 1049 1882; x_wconf 73' lang='lat' dir='ltr'>virginitasr</span> <span class='ocrx_word' id='word_1_94' title='bbox 1073 1801 1191 1859; x_wconf 88' lang='lat' dir='ltr'>cocco</span> <span class='ocrx_word' id='word_1_95' title='bbox 1205 1786 1344 1863; x_wconf 82' lang='lat' dir='ltr'>confes·</span> 
     </span>
     <span class='ocr_line' id='line_1_15' title="bbox 283 1882 1343 1990; baseline 0.001 -30"><span class='ocrx_word' id='word_1_96' title='bbox 283 1885 392 1960; x_wconf 81' lang='lat' dir='ltr'>flonit</span> <span class='ocrx_word' id='word_1_97' title='bbox 409 1887 550 1981; x_wconf 76' lang='lat' dir='ltr'>&#39;gloria3</span> <span class='ocrx_word' id='word_1_98' title='bbox 577 1905 740 1990; x_wconf 60' lang='lat' dir='ltr'>purpura</span> <span class='ocrx_word' id='word_1_99' title='bbox 763 1886 943 1958; x_wconf 87' lang='lat' dir='ltr'>charitatis</span> <span class='ocrx_word' id='word_1_100' title='bbox 969 1884 1117 1980; x_wconf 81' lang='lat' dir='ltr'>fulgor3</span> <span class='ocrx_word' id='word_1_101' title='bbox 1143 1882 1343 1978; x_wconf 79' lang='lat' dir='ltr'>hyacintho</span> 
     </span>
     <span class='ocr_line' id='line_1_16' title="bbox 283 1982 1345 2080; baseline 0.001 -20"><span class='ocrx_word' id='word_1_102' title='bbox 283 1982 362 2077; x_wconf 75' lang='lat' dir='ltr'>sper</span> <span class='ocrx_word' id='word_1_103' title='bbox 378 1985 478 2080; x_wconf 85' lang='lat' dir='ltr'>regni</span> <span class='ocrx_word' id='word_1_104' title='bbox 503 1988 686 2061; x_wconf 82' lang='lat' dir='ltr'>coelorunr.</span> <span class='ocrx_word' id='word_1_105' title='bbox 737 1984 812 2057; x_wconf 83' lang='lat' dir='ltr'>Istae</span> <span class='ocrx_word' id='word_1_106' title='bbox 828 1984 896 2057; x_wconf 86' lang='lat' dir='ltr'>iint</span> <span class='ocrx_word' id='word_1_107' title='bbox 914 1985 1057 2057; x_wconf 84' lang='lat' dir='ltr'>interim</span> <span class='ocrx_word' id='word_1_108' title='bbox 1076 1986 1260 2079; x_wconf 73' lang='lat' dir='ltr'>materiae,</span> <span class='ocrx_word' id='word_1_109' title='bbox 1299 2005 1345 2062; x_wconf 81' lang='lat' dir='ltr'>ex</span> 
     </span>
     <span class='ocr_line' id='line_1_17' title="bbox 285 2081 1345 2177; baseline 0.004 -21"><span class='ocrx_word' id='word_1_110' title='bbox 285 2084 414 2175; x_wconf 83' lang='lat' dir='ltr'>quibus</span> <span class='ocrx_word' id='word_1_111' title='bbox 437 2105 546 2158; x_wconf 90' lang='lat' dir='ltr'>omne</span> <span class='ocrx_word' id='word_1_112' title='bbox 571 2085 839 2158; x_wconf 86' lang='lat' dir='ltr'>tabernaculum</span> <span class='ocrx_word' id='word_1_113' title='bbox 862 2081 1088 2156; x_wconf 84' lang='lat' dir='ltr'>construatur</span> <span class='ocrx_word' id='word_1_114' title='bbox 1103 2115 1123 2177; x_wconf 83' lang='lat'>‚·</span> <span class='ocrx_word' id='word_1_115' title='bbox 1152 2084 1345 2160; x_wconf 79' lang='lat' dir='ltr'>induantur</span> 
     </span>
     <span class='ocr_line' id='line_1_18' title="bbox 284 2181 1344 2282; baseline 0.002 -25"><span class='ocrx_word' id='word_1_116' title='bbox 284 2181 509 2278; x_wconf 80' lang='lat' dir='ltr'>sacerdotes,</span> <span class='ocrx_word' id='word_1_117' title='bbox 537 2197 688 2258; x_wconf 87' lang='lat' dir='ltr'>ornetur</span> <span class='ocrx_word' id='word_1_118' title='bbox 702 2182 735 2256; x_wconf 79' lang='lat' dir='ltr'>u</span> <span class='ocrx_word' id='word_1_119' title='bbox 749 2181 927 2275; x_wconf 83' lang='lat' dir='ltr'>pontifex.</span> <span class='ocrx_word' id='word_1_120' title='bbox 978 2184 1146 2282; x_wconf 86' lang='lat' dir='ltr'>Quorum</span> <span class='ocrx_word' id='word_1_121' title='bbox 1158 2183 1344 2260; x_wconf 46' lang='lat' dir='ltr'>indumen:</span> 
     </span>
     <span class='ocr_line' id='line_1_19' title="bbox 285 2281 1346 2380; baseline 0.006 -27"><span class='ocrx_word' id='word_1_122' title='bbox 285 2291 347 2374; x_wconf 80' lang='lat' dir='ltr'>ta,</span> <span class='ocrx_word' id='word_1_123' title='bbox 373 2299 457 2373; x_wconf 85' lang='lat' dir='ltr'>quae·</span> <span class='ocrx_word' id='word_1_124' title='bbox 472 2283 560 2376; x_wconf 79' lang='lat' dir='ltr'>sint,</span> <span class='ocrx_word' id='word_1_125' title='bbox 586 2284 647 2362; x_wconf 81' lang='lat' dir='ltr'>vel</span> <span class='ocrx_word' id='word_1_126' title='bbox 674 2284 818 2377; x_wconf 87' lang='lat' dir='ltr'>qualia,</span> <span class='ocrx_word' id='word_1_127' title='bbox 843 2283 882 2354; x_wconf 87' lang='lat' dir='ltr'>in</span> <span class='ocrx_word' id='word_1_128' title='bbox 907 2281 977 2354; x_wconf 83' lang='lat' dir='ltr'>aiio</span> <span class='ocrx_word' id='word_1_129' title='bbox 1012 2283 1100 2355; x_wconf 86' lang='lat' dir='ltr'>locu</span> <span class='ocrx_word' id='word_1_130' title='bbox 1124 2286 1346 2380; x_wconf 79' lang='lat' dir='ltr'>pronunciat</span> 
     </span>
     <span class='ocr_line' id='line_1_20' title="bbox 283 2377 1349 2481; baseline -0.003 -21"><span class='ocrx_word' id='word_1_131' title='bbox 283 2379 486 2474; x_wconf 83' lang='lat' dir='ltr'>Propheta,</span> <span class='ocrx_word' id='word_1_132' title='bbox 514 2377 548 2455; x_wconf 66' lang='grc' dir='ltr'>ἃ</span> <span class='ocrx_word' id='word_1_133' title='bbox 571 2382 675 2455; x_wconf 86' lang='lat' dir='ltr'>dicit:</span> <span class='ocrx_word' id='word_1_134' title='bbox 703 2382 882 2457; x_wconf 74' lang='lat' dir='ltr'>Sacerdotes</span> <span class='ocrx_word' id='word_1_135' title='bbox 901 2385 954 2452; x_wconf 76' lang='lat' dir='ltr'>tui</span> <span class='ocrx_word' id='word_1_136' title='bbox 976 2384 1160 2454; x_wconf 76' lang='lat' dir='ltr'>induantur</span> <span class='ocrx_word' id='word_1_137' title='bbox 1175 2384 1349 2481; x_wconf 58' lang='lat' dir='ltr'>justitiarum</span> 
     </span>
     <span class='ocr_line' id='line_1_21' title="bbox 283 2478 1347 2575; baseline 0.004 -24"><span class='ocrx_word' id='word_1_138' title='bbox 283 2480 376 2553; x_wconf 87' lang='lat' dir='ltr'>Sunt</span> <span class='ocrx_word' id='word_1_139' title='bbox 393 2499 480 2575; x_wconf 85' lang='lat' dir='ltr'>ergo</span> <span class='ocrx_word' id='word_1_140' title='bbox 497 2483 617 2553; x_wconf 86' lang='lat' dir='ltr'>omnia</span> <span class='ocrx_word' id='word_1_141' title='bbox 637 2481 700 2553; x_wconf 89' lang='lat' dir='ltr'>ista</span> <span class='ocrx_word' id='word_1_142' title='bbox 719 2479 927 2553; x_wconf 81' lang='lat' dir='ltr'>indumenta</span> <span class='ocrx_word' id='word_1_143' title='bbox 942 2478 1095 2571; x_wconf 83' lang='lat' dir='ltr'>justitiae.</span> <span class='ocrx_word' id='word_1_144' title='bbox 1146 2479 1196 2553; x_wconf 86' lang='lat' dir='ltr'>Et</span> <span class='ocrx_word' id='word_1_145' title='bbox 1215 2483 1347 2562; x_wconf 82' lang='lat' dir='ltr'>iterum</span> 
     </span>
     <span class='ocr_line' id='line_1_22' title="bbox 283 2571 1346 2672; baseline 0.005 -21"><span class='ocrx_word' id='word_1_146' title='bbox 283 2578 412 2651; x_wconf 78' lang='lat' dir='ltr'>Paulus</span> <span class='ocrx_word' id='word_1_147' title='bbox 428 2576 627 2672; x_wconf 80' lang='lat' dir='ltr'>Apostolus</span> <span class='ocrx_word' id='word_1_148' title='bbox 638 2580 743 2653; x_wconf 64' lang='lat' dir='ltr'>dicits</span> <span class='ocrx_word' id='word_1_149' title='bbox 774 2580 968 2648; x_wconf 74' lang='lat' dir='ltr'>Induiitvrr</span> <span class='ocrx_word' id='word_1_150' title='bbox 980 2571 1101 2667; x_wconf 68' lang='lat' dir='ltr'>visani</span> <span class='ocrx_word' id='word_1_151' title='bbox 1116 2581 1346 2666; x_wconf 54' lang='lat' dir='ltr'>misericordia</span> 
     </span>
     <span class='ocr_line' id='line_1_23' title="bbox 285 2674 1347 2772; baseline 0.007 -24"><span class='ocrx_word' id='word_1_152' title='bbox 285 2677 378 2749; x_wconf 80' lang='lat' dir='ltr'>Sunt</span> <span class='ocrx_word' id='word_1_153' title='bbox 399 2698 487 2772; x_wconf 88' lang='lat' dir='ltr'>ergo</span> <span class='ocrx_word' id='word_1_154' title='bbox 513 2677 718 2751; x_wconf 88' lang='lat' dir='ltr'>indumenta</span> <span class='ocrx_word' id='word_1_155' title='bbox 744 2675 1003 2751; x_wconf 76' lang='lat' dir='ltr'>misericordiae.</span> <span class='ocrx_word' id='word_1_156' title='bbox 1053 2674 1123 2755; x_wconf 80' lang='lat' dir='ltr'>Sed</span> <span class='ocrx_word' id='word_1_157' title='bbox 1149 2678 1183 2751; x_wconf 73' lang='grc' dir='ltr'>δι</span> <span class='ocrx_word' id='word_1_158' title='bbox 1207 2681 1275 2753; x_wconf 80' lang='lat' dir='ltr'>alin</span> <span class='ocrx_word' id='word_1_159' title='bbox 1292 2683 1347 2755; x_wconf 83' lang='lat' dir='ltr'>ni·</span> 
     </span>
     <span class='ocr_line' id='line_1_24' title="bbox 283 2773 1348 2876; baseline 0.004 -23"><span class='ocrx_word' id='word_1_160' title='bbox 283 2775 478 2853; x_wconf 85' lang='lat' dir='ltr'>hilorninus</span> <span class='ocrx_word' id='word_1_161' title='bbox 500 2773 699 2869; x_wconf 80' lang='lat' dir='ltr'>Apostolus</span> <span class='ocrx_word' id='word_1_162' title='bbox 723 2776 933 2850; x_wconf 76' lang='lat' dir='ltr'>indumenta</span> <span class='ocrx_word' id='word_1_163' title='bbox 956 2773 1137 2851; x_wconf 77' lang='lat' dir='ltr'>nobiliora</span> <span class='ocrx_word' id='word_1_164' title='bbox 1166 2776 1348 2876; x_wconf 79' lang='lat' dir='ltr'>defigunt,</span> 
     </span>
     <span class='ocr_line' id='line_1_25' title="bbox 287 2873 1349 2975; baseline -0.001 -26"><span class='ocrx_word' id='word_1_165' title='bbox 287 2896 369 2951; x_wconf 86' lang='lat' dir='ltr'>cum</span> <span class='ocrx_word' id='word_1_166' title='bbox 392 2873 499 2948; x_wconf 80' lang='lat' dir='ltr'>dicit:</span> <span class='ocrx_word' id='word_1_167' title='bbox 529 2877 660 2949; x_wconf 81' lang='lat' dir='ltr'>Induite</span> <span class='ocrx_word' id='word_1_168' title='bbox 678 2903 736 2968; x_wconf 79' lang='lat' dir='ltr'>vor</span> <span class='ocrx_word' id='word_1_169' title='bbox 758 2880 930 2950; x_wconf 70' lang='lat' dir='ltr'>Dominum</span> <span class='ocrx_word' id='word_1_170' title='bbox 957 2876 1069 2972; x_wconf 75' lang='lat' dir='ltr'>Jtsum</span> <span class='ocrx_word' id='word_1_171' title='bbox 1091 2878 1281 2975; x_wconf 70' lang='lat' dir='ltr'>Christum,</span> <span class='ocrx_word' id='word_1_172' title='bbox 1306 2878 1349 2957; x_wconf 65' lang='grc' dir='ltr'>(οἵ</span> 
     </span>
     <span class='ocr_line' id='line_1_26' title="bbox 288 2975 1349 3071; baseline -0.006 -24"><span class='ocrx_word' id='word_1_173' title='bbox 288 2980 396 3047; x_wconf 80' lang='lat' dir='ltr'>camis</span> <span class='ocrx_word' id='word_1_174' title='bbox 408 2999 515 3046; x_wconf 84' lang='lat' dir='ltr'>curam</span> <span class='ocrx_word' id='word_1_175' title='bbox 529 3001 570 3046; x_wconf 80' lang='lat' dir='ltr'>ne</span> <span class='ocrx_word' id='word_1_176' title='bbox 581 2976 724 3069; x_wconf 76' lang='lat' dir='ltr'>feceritis</span> <span class='ocrx_word' id='word_1_177' title='bbox 738 2978 779 3047; x_wconf 77' lang='lat' dir='ltr'>od</span> <span class='ocrx_word' id='word_1_178' title='bbox 793 2975 1064 3071; x_wconf 58' lang='lat' dir='ltr'>concupiscentiam</span> <span class='ocrx_word' id='word_1_179' title='bbox 1115 2976 1183 3052; x_wconf 83' lang='lat' dir='ltr'>Ista</span> <span class='ocrx_word' id='word_1_180' title='bbox 1200 2977 1281 3052; x_wconf 78' lang='lat' dir='ltr'>sunt</span> <span class='ocrx_word' id='word_1_181' title='bbox 1295 2991 1349 3056; x_wconf 62' lang='lat' dir='ltr'>ep·</span> 
     </span>
     <span class='ocr_line' id='line_1_27' title="bbox 287 3069 1337 3176; baseline -0.001 -27"><span class='ocrx_word' id='word_1_182' title='bbox 287 3096 337 3176; x_wconf 79' lang='lat' dir='ltr'>go</span> <span class='ocrx_word' id='word_1_183' title='bbox 352 3072 581 3166; x_wconf 83' lang='lat' dir='ltr'>indumenta,</span> <span class='ocrx_word' id='word_1_184' title='bbox 607 3077 734 3167; x_wconf 78' lang='lat' dir='ltr'>quibus</span> <span class='ocrx_word' id='word_1_185' title='bbox 754 3089 903 3147; x_wconf 85' lang='lat' dir='ltr'>ornatur</span> <span class='ocrx_word' id='word_1_186' title='bbox 922 3069 1091 3150; x_wconf 64' lang='lat' dir='ltr'>medena.</span> <span class='ocrx_word' id='word_1_187' title='bbox 1156 3151 1159 3156; x_wconf 76' lang='grc'><strong>,</strong></span> <span class='ocrx_word' id='word_1_188' title='bbox 1334 3091 1337 3096; x_wconf 87' lang='grc'><em>·</em></span> 
     </span>
     <span class='ocr_line' id='line_1_28' title="bbox 361 3172 1351 3270; baseline 0.004 -25"><span class='ocrx_word' id='word_1_189' title='bbox 361 3197 396 3265; x_wconf 74' lang='lat'>4</span> <span class='ocrx_word' id='word_1_190' title='bbox 423 3172 545 3247; x_wconf 86' lang='lat' dir='ltr'>Potest</span> <span class='ocrx_word' id='word_1_191' title='bbox 569 3189 686 3249; x_wconf 84' lang='lat' dir='ltr'>autem</span> <span class='ocrx_word' id='word_1_192' title='bbox 707 3174 741 3247; x_wconf 80' lang='lat' dir='ltr'>dr</span> <span class='ocrx_word' id='word_1_193' title='bbox 761 3172 995 3270; x_wconf 85' lang='lat' dir='ltr'>unusquisqne</span> <span class='ocrx_word' id='word_1_194' title='bbox 1009 3172 1169 3256; x_wconf 75' lang='lat' dir='ltr'>nostruin</span> <span class='ocrx_word' id='word_1_195' title='bbox 1187 3175 1293 3251; x_wconf 81' lang='lat' dir='ltr'>etiam</span> <span class='ocrx_word' id='word_1_196' title='bbox 1309 3175 1351 3270; x_wconf 69' lang='lat' dir='ltr'>in·</span> 
     </span>
     <span class='ocr_line' id='line_1_29' title="bbox 286 3270 1350 3367; baseline -0.001 -18"><span class='ocrx_word' id='word_1_197' title='bbox 286 3270 473 3367; x_wconf 82' lang='lat' dir='ltr'>semetipso</span> <span class='ocrx_word' id='word_1_198' title='bbox 505 3272 724 3347; x_wconf 85' lang='lat' dir='ltr'>constituere</span> <span class='ocrx_word' id='word_1_199' title='bbox 748 3274 1017 3349; x_wconf 77' lang='lat' dir='ltr'>tubernaculum</span> <span class='ocrx_word' id='word_1_200' title='bbox 1038 3270 1136 3362; x_wconf 78' lang='lat' dir='ltr'>Deo,</span> <span class='ocrx_word' id='word_1_201' title='bbox 1193 3275 1230 3348; x_wconf 89' lang='lat' dir='ltr'>Si</span> <span class='ocrx_word' id='word_1_202' title='bbox 1253 3277 1350 3358; x_wconf 76' lang='lat' dir='ltr'>eninr=</span> 
     </span>
     <span class='ocr_line' id='line_1_30' title="bbox 289 3368 1345 3473; baseline 0.005 -26"><span class='ocrx_word' id='word_1_203' title='bbox 289 3374 353 3473; x_wconf 92' lang='lat' dir='ltr'>(ut</span> <span class='ocrx_word' id='word_1_204' title='bbox 373 3372 513 3469; x_wconf 83' lang='lat' dir='ltr'>quidam</span> <span class='ocrx_word' id='word_1_205' title='bbox 529 3384 611 3460; x_wconf 80' lang='lat' dir='ltr'>ante</span> <span class='ocrx_word' id='word_1_206' title='bbox 625 3394 693 3446; x_wconf 80' lang='lat' dir='ltr'>nos</span> <span class='ocrx_word' id='word_1_207' title='bbox 709 3393 854 3465; x_wconf 90' lang='lat' dir='ltr'>quoque</span> <span class='ocrx_word' id='word_1_208' title='bbox 869 3368 1057 3470; x_wconf 83' lang='lat' dir='ltr'>dixerunt)</span> <span class='ocrx_word' id='word_1_209' title='bbox 1074 3375 1345 3452; x_wconf 75' lang='lat' dir='ltr'>tubernaculum</span> 
     </span>
     <span class='ocr_line' id='line_1_31' title="bbox 287 3470 1424 3569; baseline 0 -23"><span class='ocrx_word' id='word_1_210' title='bbox 287 3474 362 3551; x_wconf 89' lang='lat' dir='ltr'>hoc</span> <span class='ocrx_word' id='word_1_211' title='bbox 381 3472 495 3544; x_wconf 85' lang='lat' dir='ltr'>totius</span> <span class='ocrx_word' id='word_1_212' title='bbox 512 3472 634 3544; x_wconf 87' lang='lat' dir='ltr'>mundi</span> <span class='ocrx_word' id='word_1_213' title='bbox 650 3486 753 3545; x_wconf 86' lang='lat' dir='ltr'>tenet</span> <span class='ocrx_word' id='word_1_214' title='bbox 769 3470 941 3569; x_wconf 83' lang='lat' dir='ltr'>figuram,</span> <span class='ocrx_word' id='word_1_215' title='bbox 964 3470 1086 3550; x_wconf 87' lang='lat' dir='ltr'>mundi</span> <span class='ocrx_word' id='word_1_216' title='bbox 1101 3487 1220 3550; x_wconf 80' lang='lat' dir='ltr'>autern</span> <span class='ocrx_word' id='word_1_217' title='bbox 1240 3475 1348 3555; x_wconf 80' lang='lat' dir='ltr'>etium</span> <span class='ocrx_word' id='word_1_218' title='bbox 1419 3498 1424 3510; x_wconf 90' lang='lat'><strong>·</strong></span> 
     </span>
     <span class='ocr_line' id='line_1_32' title="bbox 288 3569 1349 3669; baseline 0.007 -24"><span class='ocrx_word' id='word_1_219' title='bbox 288 3573 412 3668; x_wconf 79' lang='lat' dir='ltr'>finguli</span> <span class='ocrx_word' id='word_1_220' title='bbox 428 3571 559 3662; x_wconf 88' lang='lat' dir='ltr'>quique</span> <span class='ocrx_word' id='word_1_221' title='bbox 576 3571 708 3643; x_wconf 87' lang='lat' dir='ltr'>habere</span> <span class='ocrx_word' id='word_1_222' title='bbox 722 3574 907 3667; x_wconf 81' lang='lat' dir='ltr'>imaginem</span> <span class='ocrx_word' id='word_1_223' title='bbox 922 3569 1095 3669; x_wconf 70' lang='lat' dir='ltr'>possunt,</span> <span class='ocrx_word' id='word_1_224' title='bbox 1129 3594 1193 3648; x_wconf 81' lang='lat' dir='ltr'>cur</span> <span class='ocrx_word' id='word_1_225' title='bbox 1216 3595 1291 3647; x_wconf 92' lang='lat' dir='ltr'>non</span> <span class='ocrx_word' id='word_1_226' title='bbox 1313 3573 1349 3652; x_wconf 70' lang='lat' dir='ltr'>dt</span> 
     </span>
     <span class='ocr_line' id='line_1_33' title="bbox 289 3668 1350 3767; baseline 0.007 -20"><span class='ocrx_word' id='word_1_227' title='bbox 289 3671 510 3747; x_wconf 81' lang='lat' dir='ltr'>tabernaculi</span> <span class='ocrx_word' id='word_1_228' title='bbox 537 3669 771 3763; x_wconf 86' lang='lat' dir='ltr'>unusquisque</span> <span class='ocrx_word' id='word_1_229' title='bbox 796 3673 831 3744; x_wconf 90' lang='lat' dir='ltr'>in</span> <span class='ocrx_word' id='word_1_230' title='bbox 861 3668 1047 3765; x_wconf 84' lang='lat' dir='ltr'>semetipso</span> <span class='ocrx_word' id='word_1_231' title='bbox 1069 3674 1220 3750; x_wconf 83' lang='lat' dir='ltr'>formam</span> <span class='ocrx_word' id='word_1_232' title='bbox 1243 3671 1350 3767; x_wconf 78' lang='lat' dir='ltr'>ponit</span> 
     </span>
     <span class='ocr_line' id='line_1_34' title="bbox 286 3766 1350 3869; baseline -0.008 -25"><span class='ocrx_word' id='word_1_233' title='bbox 286 3766 462 3862; x_wconf 71' lang='lat' dir='ltr'>explere?</span> <span class='ocrx_word' id='word_1_234' title='bbox 486 3769 560 3842; x_wconf 80' lang='lat' dir='ltr'>Has</span> <span class='ocrx_word' id='word_1_235' title='bbox 580 3788 668 3865; x_wconf 82' lang='lat' dir='ltr'>orgo</span> <span class='ocrx_word' id='word_1_236' title='bbox 689 3769 798 3843; x_wconf 81' lang='lat' dir='ltr'>debet</span> <span class='ocrx_word' id='word_1_237' title='bbox 813 3773 997 3844; x_wconf 82' lang='lat' dir='ltr'>eolmnnas</span> <span class='ocrx_word' id='word_1_238' title='bbox 1016 3767 1078 3847; x_wconf 84' lang='lat' dir='ltr'>fibi</span> <span class='ocrx_word' id='word_1_239' title='bbox 1096 3787 1218 3869; x_wconf 84' lang='lat' dir='ltr'>aptare</span> <span class='ocrx_word' id='word_1_240' title='bbox 1232 3774 1350 3843; x_wconf 78' lang='lat' dir='ltr'>virtu.</span> 
     </span>
     <span class='ocr_line' id='line_1_35' title="bbox 290 3867 1355 3964; baseline 0.001 -22"><span class='ocrx_word' id='word_1_241' title='bbox 290 3884 388 3962; x_wconf 88' lang='lat' dir='ltr'>turn,</span> <span class='ocrx_word' id='word_1_242' title='bbox 414 3868 597 3941; x_wconf 82' lang='lat' dir='ltr'>columnus</span> <span class='ocrx_word' id='word_1_243' title='bbox 622 3882 829 3964; x_wconf 82' lang='lat' dir='ltr'>argenteae,</span> <span class='ocrx_word' id='word_1_244' title='bbox 855 3867 990 3962; x_wconf 86' lang='lat' dir='ltr'>idest,</span> <span class='ocrx_word' id='word_1_245' title='bbox 1017 3874 1223 3962; x_wconf 79' lang='lat' dir='ltr'>patientiam</span> <span class='ocrx_word' id='word_1_246' title='bbox 1239 3872 1355 3946; x_wconf 75' lang='lat' dir='ltr'>ratio·</span> 
     </span>
     <span class='ocr_line' id='line_1_36' title="bbox 290 3965 1356 4063; baseline 0.007 -22"><span class='ocrx_word' id='word_1_247' title='bbox 290 3970 454 4049; x_wconf 84' lang='lat' dir='ltr'>nabilem.</span> <span class='ocrx_word' id='word_1_248' title='bbox 504 3965 627 4046; x_wconf 88' lang='lat' dir='ltr'>Potest</span> <span class='ocrx_word' id='word_1_249' title='bbox 645 3969 737 4041; x_wconf 83' lang='lat' dir='ltr'>enirn</span> <span class='ocrx_word' id='word_1_250' title='bbox 763 3966 832 4041; x_wconf 84' lang='lat' dir='ltr'>effe</span> <span class='ocrx_word' id='word_1_251' title='bbox 854 3968 995 4060; x_wconf 87' lang='lat' dir='ltr'>quidem</span> <span class='ocrx_word' id='word_1_252' title='bbox 1017 3974 1055 4045; x_wconf 92' lang='lat' dir='ltr'>in</span> <span class='ocrx_word' id='word_1_253' title='bbox 1077 3973 1245 4063; x_wconf 85' lang='lat' dir='ltr'>homine,</span> <span class='ocrx_word' id='word_1_254' title='bbox 1271 3989 1356 4062; x_wconf 72' lang='lat' dir='ltr'>quo·</span> 
     </span>
     <span class='ocr_line' id='line_1_37' title="bbox 290 4059 1396 4246; baseline -0.009 -94"><span class='ocrx_word' id='word_1_255' title='bbox 290 4068 458 4152; x_wconf 77' lang='lat' dir='ltr'>videatur</span> <span class='ocrx_word' id='word_1_256' title='bbox 469 4067 654 4168; x_wconf 68' lang='lat' dir='ltr'>patientia,</span> <span class='ocrx_word' id='word_1_257' title='bbox 681 4059 833 4246; x_wconf 70' lang='lat' dir='ltr'>sequuae</span> <span class='ocrx_word' id='word_1_258' title='bbox 848 4068 1069 4162; x_wconf 63' lang='lat' dir='ltr'>rationabilis</span> <span class='ocrx_word' id='word_1_259' title='bbox 1081 4091 1159 4151; x_wconf 80' lang='lat' dir='ltr'>non</span> <span class='ocrx_word' id='word_1_260' title='bbox 1173 4069 1226 4154; x_wconf 74' lang='lat' dir='ltr'>dt.</span> <span class='ocrx_word' id='word_1_261' title='bbox 1250 4068 1354 4239; x_wconf 42' lang='lat' dir='ltr'>N&amp;</span> <span class='ocrx_word' id='word_1_262' title='bbox 1393 4123 1396 4128; x_wconf 74' lang='lat'>·</span> 
     </span>
     <span class='ocr_line' id='line_1_38' title="bbox 777 4185 1475 4262; baseline 0.001 -18"><span class='ocrx_word' id='word_1_263' title='bbox 777 4188 844 4262; x_wconf 70' lang='lat' dir='ltr'>es</span> <span class='ocrx_word' id='word_1_264' title='bbox 912 4187 915 4192; x_wconf 82' lang='lat'>·</span> <span class='ocrx_word' id='word_1_265' title='bbox 1188 4221 1191 4226; x_wconf 92' lang='lat'>-</span> <span class='ocrx_word' id='word_1_266' title='bbox 1473 4185 1475 4190; x_wconf 81' lang='grc'><em>’</em></span> 
     </span>
    </p>
   </div>
   <div class='ocr_carea' id='block_1_3' title="bbox 0 0 1722 4692">
    <p class='ocr_par' dir='ltr' id='par_1_3' title="bbox 0 0 1722 4692">
     <span class='ocr_line' id='line_1_39' title="bbox 0 0 1722 4692; baseline 0 0"><span class='ocrx_word' id='word_1_267' title='bbox 0 0 1722 4692; x_wconf 95' lang='lat' dir='ltr'> </span> 
     </span>
    </p>
   </div>
  </div>
 </body>
</html>
