3417 4692
374 370 450 468 4⁶2
704 291 1148 479 eironeia-3
1244 416 1250 422 -

369 550 472 600 vocem
497 523 698 617 socerisui,
736 524 776 606 d)
802 529 886 620 facit
910 553 1103 628 quacumque
1125 530 1216 618 dixit
1247 532 1291 600 ei.
1350 525 1440 604 Non

372 628 463 704 dixit
496 628 576 718 quia
600 627 685 700 mihi
717 624 819 702 Deua
847 628 1032 719 loquitur,
1076 627 1219 728 &quid
1246 648 1356 726 agere
1383 627 1439 702 de·

375 729 501 818 beam,
529 723 660 798 coelesti
681 726 724 798 ad
743 747 800 838 me
819 725 987 842 ⁸sermone
1011 726 1195 817 defertur,
1225 727 1260 800 n
1285 748 1440 822 quomo-

373 827 422 904 do
449 823 632 898 consilium
659 827 701 897 ab
728 825 876 898 homme
908 826 1113 921 accipiam,
1153 826 1186 898 dt
1212 829 1255 898 ab
1290 828 1438 902 homine

372 926 524 1042 gentili,
564 923 681 1038 alieno
709 946 729 1000 a
754 927 893 1038 populo
929 925 1035 1040 Dei?
1071 925 1141 999 Sed
1168 927 1267 1040 audit
1303 948 1437 1042 vocem

373 1045 478 1119 ejus,
517 1020 658 1095 &saort
683 1044 804 1098 omma
825 1047 901 1117 qnae
922 1025 1027 1116 dreit,
1054 1025 1088 1100 δι
1111 1046 1187 1100 noo
1208 1047 1288 1116 quas
1316 1027 1437 1120 drcat,

315 1149 318 1171 ¹
371 1123 432 1220 sed
457 1123 542 1216 quid
564 1122 682 1216 dicat,
710 1121 892 1198 auscultat.
942 1121 1050 1198 Unde
1073 1121 1190 1198 &nos
1210 1124 1235 1198 sr
1258 1123 1361 1200 forte
1382 1127 1437 1198 ali·

373 1221 517 1320 quando
542 1219 749 1296 invenimus
769 1224 899 1315 aliquid
923 1221 1097 1316 sapienter
1122 1245 1144 1296 a
1167 1223 1364 1320 gentilibus
1393 1225 1437 1300 di

372 1325 493 1416 itum,
525 1341 602 1422 non
622 1323 798 1396 continuo
824 1344 905 1396 eum
928 1321 1081 1396 autlorie
1104 1324 1251 1396 neniae
1269 1321 1437 1418 spernere

372 1425 542 1500 debemus
570 1421 604 1494 tr
629 1419 741 1510 ditia,
778 1442 847 1495 nec
873 1443 941 1515 pro
968 1443 1015 1495 eo
1041 1421 1140 1515 quod
1163 1422 1276 1519 legem
1307 1445 1328 1496 a
1353 1423 1437 1498 Deo

373 1523 491 1598 datam
516 1532 703 1613 tenemus,
732 1523 910 1595 convenit
932 1543 1002 1594 nos
1025 1534 1164 1596 tumere
1184 1520 1381 1618 superbia,
1407 1525 1438 1596 dt

372 1622 540 1717 spernere
558 1620 669 1692 verba
690 1620 945 1714 prudentium,
979 1618 1039 1695 sed
1057 1621 1147 1696 sreut
1163 1621 1365 1714 Apostolus
1392 1623 1437 1697 di·

374 1725 442 1798 cit:
472 1726 590 1792 Omnia
609 1720 804 1816 probantes,
839 1722 920 1835 quod
943 1720 1056 1792 bonum
1075 1724 1113 1818 eli
1138 1738 1293 1794 tenentes.
1347 1723 1436 1820 Quis

371 1834 491 1914 autem
514 1818 624 1893 hodie
646 1839 770 1910 eorum
794 1839 853 1912 qur
876 1821 1019 1914 populis
1044 1818 1219 1918 praesunt,
1254 1843 1332 1895 non
1354 1823 1436 1896 dico

292 1919 295 1926 '
371 1921 399 2098 p
419 1922 492 2015 jam
518 1917 633 2011 aliqua
659 1921 691 1992 ei
717 1939 738 1992 a
762 1918 850 1994 Deo
872 1920 1031 1994 revelata
1055 1917 1163 2013 sunt,
1200 1919 1322 1994 sedin
1347 1923 1434 2018 legia

388 2023 518 2096 crentia
542 2018 671 2110 aliquid
694 2021 812 2092 meriti
833 2019 961 2102 habet,
998 2020 1181 2094 confilium
1203 2021 1371 2116 dignatur
1388 2025 1437 2094 in·

372 2119 518 2206 ferioris'
540 2116 661 2192 saltem
681 2114 876 2192 sacerdotis
900 2120 1062 2212 accipere
1080 2117 1098 2191 i
1128 2119 1260 2196 nedum
1285 2121 1437 2196 dixerim

372 2221 474 2310 laici,
499 2218 561 2290 vel
576 2216 729 2314 gentilis.
779 2217 849 2290 Sed
868 2214 1017 2310 Moyses
1035 2219 1093 2309 qui
1115 2233 1191 2292 erat
1211 2220 1325 2292 homo
1341 2241 1437 2294 man·

373 2319 492 2396 suetus
522 2313 625 2411 super
652 2335 808 2408 omnes,
846 2318 986 2409 aceepit
1017 2317 1199 2392 confilium
1228 2318 1435 2418 inferioris,

369 2434 414 2493 ut
433 2417 466 2491 tr
487 2415 638 2488 formam
662 2415 868 2490 humilitatis
890 2419 1108 2509 populorum
1128 2419 1350 2512 principibus
1379 2418 1434 2492 da·

371 2532 454 2612 ret,
479 2512 645 2589 &futuri
665 2511 871 2589 sacramenti
893 2516 1087 2612 designaret
1109 2519 1305 2613 imaginem.
1342 2518 1432 2592 Scie-

372 2619 436 2696 bat
459 2617 553 2690 enim
578 2612 737 2689 futurum
769 2615 1014 2710 quandoque,
1053 2630 1093 2688 ut
1121 2617 1270 2712 gentiles
1298 2617 1433 2690 bonum

373 2717 559 2794 confilium
576 2714 782 2808 proferrent
799 2715 891 2807 apud
911 2712 1090 2808 Moysen,
1113 2730 1154 2787 ut
1167 2720 1303 2790 bonum
1323 2716 1432 2812 &spl-

370 2820 510 2896 ritalem
529 2813 748 2888 intelleeium
772 2812 955 2889 adferrent
979 2816 1022 2887 ad
1041 2817 1155 2912 legem
1177 2815 1268 2888 Dei:
1296 2817 1333 2888 oe
1353 2815 1433 2889 scle-

370 2920 457 3011 bat,
491 2916 573 3010 quia
599 2913 719 2987 audiet
741 2934 806 2988 eos
823 2914 907 3007 lex,
942 2915 976 2987 dr
999 2913 1107 2987 faciet
1130 2918 1249 3008 omnia
1271 2916 1362 2989 sacrat
1387 2915 1434 2990 di-

371 3029 472 3094 eunt.
528 3013 622 3089 Non
653 3014 749 3086 enim
769 3012 889 3106 potest
910 3011 1027 3087 facere
1050 3016 1108 3087 lex
1135 3014 1225 3087 sreut
1246 3016 1362 3111 Judaei
1387 3014 1433 3090 di

375 3130 488 3206 cunt,
514 3113 595 3207 qnia
618 3105 816 3188 infirmatur
833 3113 893 3185 lex
916 3112 1099 3204 incarne,
1124 3113 1161 3186 id
1184 3113 1291 3187 estin
1311 3116 1433 3207 litera,

375 3213 519 3294 &nihil
544 3212 665 3308 potest
687 3209 879 3286 seeundum
896 3213 1034 3287 literam
1059 3212 1201 3287 facere:
1236 3214 1324 3286 nihil
1342 3216 1433 3290 enim

373 3318 419 3392 ad
443 3312 640 3410 perfeetum
666 3312 809 3398 adducit
833 3314 904 3388 lex.
955 3313 1156 3390 Secundum
1180 3329 1299 3387 autem
1325 3313 1436 3387 consi·

371 3407 480 3505 lium,
507 3413 606 3510 quod
631 3434 700 3493 nos
716 3409 896 3498 afferimus
921 3412 964 3487 ad
987 3413 1125 3510 legem,
1151 3412 1297 3507 possunt
1314 3414 1435 3488 omnia

372 3515 576 3615 spiritaliter
600 3508 689 3587 fieri
725 3510 933 3587 Possunt&
957 3509 1125 3585 sacrificia
1151 3510 1354 3607 spiritaliter
1380 3511 1434 3588 os·

373 3616 481 3708 ferri,
508 3633 586 3706 quae
609 3613 721 3692 ruodo
748 3613 935 3704 carnaliter
959 3633 1035 3686 non
1060 3610 1215 3705 possunt.
1251 3611 1377 3689 Potest
1401 3613 1435 3702 dr

371 3715 433 3792 lex
457 3717 566 3816 leprae
583 3712 783 3808 spiritaliter
808 3709 961 3805 servari,
987 3733 1063 3804 quae
1088 3713 1280 3788 secundum
1296 3715 1436 3788 literam

244 3819 249 3825 ’
353 3838 452 3894 ,που
476 3813 606 3911 potest
662 3812 722 3888 Sic
747 3831 835 3909 ergo
868 3813 1053 3905 quomodo
1078 3835 1159 3888 nos.
1172 3813 1435 3910 intelligimus,

295 4181 347 4209 Β

375 3909 564 4012 quomodo
582 3933 652 3990 nor
670 3910 861 4007 sandonus,
887 3912 922 3988 dt
938 3903 1125 4010 cenidium
1145 3914 1436 4088 demumfpcrptnia
