<?xml version="1.0" encoding="UTF-8"?>
<!DOCTYPE html PUBLIC "-//W3C//DTD XHTML 1.0 Transitional//EN"
    "http://www.w3.org/TR/xhtml1/DTD/xhtml1-transitional.dtd">
<html xmlns="http://www.w3.org/1999/xhtml" xml:lang="en" lang="en">
 <head>
  <title>
</title>
<meta http-equiv="Content-Type" content="text/html;charset=utf-8" />
  <meta name='ocr-system' content='tesseract 3.04.00' />
  <meta name='ocr-capabilities' content='ocr_page ocr_carea ocr_par ocr_line ocrx_word'/>
</head>
<body>
  <div class='ocr_page' id='page_1' title='image "./operaomniasanct02unkngoog/operaomniasanct02unkngoog_0294.png"; bbox 0 0 3417 4692; ppageno 0'>
   <div class='ocr_carea' id='block_1_1' title="bbox 256 349 1354 522">
    <p class='ocr_par' dir='ltr' id='par_1_1' title="bbox 256 349 1354 522">
     <span class='ocr_line' id='line_1_1' title="bbox 256 349 1354 522; baseline -0.003 -50"><span class='ocrx_word' id='word_1_1' title='bbox 256 399 391 522; x_wconf 24' lang='lat' dir='ltr'><strong>,sn</strong></span> <span class='ocrx_word' id='word_1_2' title='bbox 454 361 549 486; x_wconf 47' lang='grc'><strong>,4</strong></span> <span class='ocrx_word' id='word_1_3' title='bbox 632 349 1211 486; x_wconf 47' lang='lat' dir='ltr'><strong>ousosu1s2.&#39;</strong></span> <span class='ocrx_word' id='word_1_4' title='bbox 1340 385 1354 410; x_wconf 55' lang='lat'>⁸</span> 
     </span>
    </p>
   </div>
   <div class='ocr_carea' id='block_1_2' title="bbox 236 553 1414 4232">
    <p class='ocr_par' dir='ltr' id='par_1_2' title="bbox 236 553 1414 4232">
     <span class='ocr_line' id='line_1_2' title="bbox 313 553 1373 654; baseline -0.002 -24"><span class='ocrx_word' id='word_1_5' title='bbox 313 556 388 630; x_wconf 86' lang='lat' dir='ltr'><strong>turi</strong></span> <span class='ocrx_word' id='word_1_6' title='bbox 403 553 439 627; x_wconf 79' lang='lat' dir='ltr'><strong>u</strong></span> <span class='ocrx_word' id='word_1_7' title='bbox 452 576 529 631; x_wconf 91' lang='lat' dir='ltr'><strong>non</strong></span> <span class='ocrx_word' id='word_1_8' title='bbox 543 556 612 654; x_wconf 85' lang='lat' dir='ltr'><strong>legi</strong></span> <span class='ocrx_word' id='word_1_9' title='bbox 630 578 777 651; x_wconf 87' lang='lat' dir='ltr'><strong>operam</strong></span> <span class='ocrx_word' id='word_1_10' title='bbox 793 559 888 642; x_wconf 78' lang='lat' dir='ltr'><strong>dare.</strong></span> <span class='ocrx_word' id='word_1_11' title='bbox 940 557 1097 634; x_wconf 86' lang='lat' dir='ltr'><strong>Christos</strong></span> <span class='ocrx_word' id='word_1_12' title='bbox 1112 571 1229 632; x_wconf 89' lang='lat' dir='ltr'><strong>autem</strong></span> <span class='ocrx_word' id='word_1_13' title='bbox 1242 553 1373 634; x_wconf 65' lang='lat' dir='ltr'><strong>Domi.</strong></span> 
     </span>
     <span class='ocr_line' id='line_1_3' title="bbox 312 655 1368 754; baseline -0.001 -24"><span class='ocrx_word' id='word_1_14' title='bbox 312 675 381 730; x_wconf 89' lang='lat' dir='ltr'><strong>nus</strong></span> <span class='ocrx_word' id='word_1_15' title='bbox 394 655 515 728; x_wconf 87' lang='lat' dir='ltr'><strong>noster</strong></span> <span class='ocrx_word' id='word_1_16' title='bbox 527 655 769 732; x_wconf 87' lang='lat' dir='ltr'><strong>sacerdotibus</strong></span> <span class='ocrx_word' id='word_1_17' title='bbox 780 657 869 754; x_wconf 87' lang='lat' dir='ltr'><strong>suis,</strong></span> <span class='ocrx_word' id='word_1_18' title='bbox 896 660 980 750; x_wconf 90' lang='lat' dir='ltr'><strong>quid</strong></span> <span class='ocrx_word' id='word_1_19' title='bbox 996 658 1368 753; x_wconf 76' lang='lat' dir='ltr'><strong>precepitaudiamus.</strong></span> 
     </span>
     <span class='ocr_line' id='line_1_4' title="bbox 313 754 1369 854; baseline 0 -29"><span class='ocrx_word' id='word_1_20' title='bbox 313 757 387 849; x_wconf 75' lang='lat' dir='ltr'><strong>Qui</strong></span> <span class='ocrx_word' id='word_1_21' title='bbox 402 779 467 826; x_wconf 78' lang='lat' dir='ltr'><strong>uon</strong></span> <span class='ocrx_word' id='word_1_22' title='bbox 483 757 780 852; x_wconf 75' lang='lat' dir='ltr'><strong>abrenunciaverit,</strong></span> <span class='ocrx_word' id='word_1_23' title='bbox 804 760 940 852; x_wconf 86' lang='lat' dir='ltr'><strong>inquit,</strong></span> <span class='ocrx_word' id='word_1_24' title='bbox 967 758 1127 848; x_wconf 73' lang='lat' dir='ltr'><strong>omnum,</strong></span> <span class='ocrx_word' id='word_1_25' title='bbox 1145 783 1210 854; x_wconf 79' lang='lat' dir='ltr'><strong>qua</strong></span> <span class='ocrx_word' id='word_1_26' title='bbox 1220 754 1369 850; x_wconf 72' lang='lat' dir='ltr'><strong>ptffider,</strong></span> 
     </span>
     <span class='ocr_line' id='line_1_5' title="bbox 311 855 1368 955; baseline 0.004 -30"><span class='ocrx_word' id='word_1_27' title='bbox 311 879 381 925; x_wconf 52' lang='lat' dir='ltr'><strong>uin</strong></span> <span class='ocrx_word' id='word_1_28' title='bbox 391 856 486 952; x_wconf 73' lang='lat' dir='ltr'><strong>potest</strong></span> <span class='ocrx_word' id='word_1_29' title='bbox 502 882 584 928; x_wconf 71' lang='lat' dir='ltr'><strong>meus</strong></span> <span class='ocrx_word' id='word_1_30' title='bbox 599 856 653 951; x_wconf 79' lang='lat' dir='ltr'><strong>effi</strong></span> <span class='ocrx_word' id='word_1_31' title='bbox 669 859 845 955; x_wconf 75' lang='lat' dir='ltr'><strong>discipulus.</strong></span> <span class='ocrx_word' id='word_1_32' title='bbox 880 856 1129 932; x_wconf 83' lang='lat' dir='ltr'><strong>contremisco</strong></span> <span class='ocrx_word' id='word_1_33' title='bbox 1147 859 1221 932; x_wconf 79' lang='lat' dir='ltr'><strong>hac</strong></span> <span class='ocrx_word' id='word_1_34' title='bbox 1234 855 1368 929; x_wconf 88' lang='lat' dir='ltr'><strong>dicens.</strong></span> 
     </span>
     <span class='ocr_line' id='line_1_6' title="bbox 313 952 1369 1052; baseline -0.006 -23"><span class='ocrx_word' id='word_1_35' title='bbox 313 952 422 1029; x_wconf 88' lang='lat' dir='ltr'><strong>Meus</strong></span> <span class='ocrx_word' id='word_1_36' title='bbox 439 957 531 1030; x_wconf 90' lang='lat' dir='ltr'><strong>enim</strong></span> <span class='ocrx_word' id='word_1_37' title='bbox 548 959 663 1052; x_wconf 88' lang='lat' dir='ltr'><strong>primo</strong></span> <span class='ocrx_word' id='word_1_38' title='bbox 681 960 860 1049; x_wconf 92' lang='lat' dir='ltr'><strong>omnium,</strong></span> <span class='ocrx_word' id='word_1_39' title='bbox 886 979 1008 1050; x_wconf 88' lang='lat' dir='ltr'><strong>meus,</strong></span> <span class='ocrx_word' id='word_1_40' title='bbox 1034 953 1196 1049; x_wconf 84' lang='lat' dir='ltr'><strong>inquam,</strong></span> <span class='ocrx_word' id='word_1_41' title='bbox 1223 952 1295 1048; x_wconf 84' lang='lat' dir='ltr'><strong>ipse</strong></span> <span class='ocrx_word' id='word_1_42' title='bbox 1312 974 1369 1024; x_wconf 89' lang='lat' dir='ltr'><strong>ac·</strong></span> 
     </span>
     <span class='ocr_line' id='line_1_7' title="bbox 315 1051 1367 1149; baseline -0.001 -23"><span class='ocrx_word' id='word_1_43' title='bbox 315 1052 457 1128; x_wconf 86' lang='lat' dir='ltr'>cusator</span> <span class='ocrx_word' id='word_1_44' title='bbox 482 1057 615 1149; x_wconf 84' lang='lat' dir='ltr'><strong>existo,</strong></span> <span class='ocrx_word' id='word_1_45' title='bbox 640 1081 735 1134; x_wconf 91' lang='lat' dir='ltr'><strong>meas</strong></span> <span class='ocrx_word' id='word_1_46' title='bbox 759 1057 1078 1132; x_wconf 79' lang='lat' dir='ltr'><strong>condemnationes</strong></span> <span class='ocrx_word' id='word_1_47' title='bbox 1096 1059 1241 1147; x_wconf 90' lang='lat' dir='ltr'><strong>loquor.</strong></span> <span class='ocrx_word' id='word_1_48' title='bbox 1291 1051 1367 1126; x_wconf 90' lang='lat' dir='ltr'><strong>Ne·</strong></span> 
     </span>
     <span class='ocr_line' id='line_1_8' title="bbox 313 1152 1370 1252; baseline -0.003 -27"><span class='ocrx_word' id='word_1_49' title='bbox 313 1165 375 1250; x_wconf 77' lang='lat' dir='ltr'><strong>gat</strong></span> <span class='ocrx_word' id='word_1_50' title='bbox 392 1153 548 1227; x_wconf 89' lang='lat' dir='ltr'><strong>Christus</strong></span> <span class='ocrx_word' id='word_1_51' title='bbox 569 1156 666 1230; x_wconf 89' lang='lat' dir='ltr'><strong>soum</strong></span> <span class='ocrx_word' id='word_1_52' title='bbox 686 1156 755 1232; x_wconf 80' lang='lat' dir='ltr'><strong>eiie</strong></span> <span class='ocrx_word' id='word_1_53' title='bbox 780 1157 1008 1251; x_wconf 87' lang='lat' dir='ltr'><strong>discipulum,</strong></span> <span class='ocrx_word' id='word_1_54' title='bbox 1032 1177 1137 1249; x_wconf 86' lang='lat' dir='ltr'><strong>quem</strong></span> <span class='ocrx_word' id='word_1_55' title='bbox 1157 1155 1288 1252; x_wconf 78' lang='lat' dir='ltr'><strong>uiderit</strong></span> <span class='ocrx_word' id='word_1_56' title='bbox 1305 1152 1370 1224; x_wconf 74' lang='lat' dir='ltr'><strong>ali.</strong></span> 
     </span>
     <span class='ocr_line' id='line_1_9' title="bbox 313 1252 1411 1351; baseline -0.001 -26"><span class='ocrx_word' id='word_1_57' title='bbox 313 1253 399 1345; x_wconf 86' lang='lat' dir='ltr'><strong>quid</strong></span> <span class='ocrx_word' id='word_1_58' title='bbox 418 1255 679 1351; x_wconf 89' lang='lat' dir='ltr'><strong>poffidentem,</strong></span> <span class='ocrx_word' id='word_1_59' title='bbox 712 1257 746 1332; x_wconf 82' lang='lat' dir='ltr'><strong>dr</strong></span> <span class='ocrx_word' id='word_1_60' title='bbox 769 1280 850 1332; x_wconf 89' lang='lat' dir='ltr'><strong>eum</strong></span> <span class='ocrx_word' id='word_1_61' title='bbox 872 1257 931 1349; x_wconf 90' lang='lat' dir='ltr'><strong>qui</strong></span> <span class='ocrx_word' id='word_1_62' title='bbox 949 1278 1026 1331; x_wconf 91' lang='lat' dir='ltr'><strong>non</strong></span> <span class='ocrx_word' id='word_1_63' title='bbox 1049 1256 1236 1329; x_wconf 85' lang='lat' dir='ltr'><strong>renunciat</strong></span> <span class='ocrx_word' id='word_1_64' title='bbox 1256 1252 1371 1325; x_wconf 87' lang='lat' dir='ltr'><strong>omni-</strong></span> <span class='ocrx_word' id='word_1_65' title='bbox 1408 1269 1411 1274; x_wconf 83' lang='grc'><strong>’</strong></span> 
     </span>
     <span class='ocr_line' id='line_1_10' title="bbox 312 1350 1372 1453; baseline -0.002 -27"><span class='ocrx_word' id='word_1_66' title='bbox 312 1351 403 1445; x_wconf 86' lang='lat' dir='ltr'><strong>bus,</strong></span> <span class='ocrx_word' id='word_1_67' title='bbox 430 1356 678 1450; x_wconf 88' lang='lat' dir='ltr'><strong>quaepossidet.</strong></span> <span class='ocrx_word' id='word_1_68' title='bbox 723 1355 779 1450; x_wconf 23' lang='lat' dir='ltr'><strong>,Es</strong></span> <span class='ocrx_word' id='word_1_69' title='bbox 793 1357 878 1449; x_wconf 90' lang='lat' dir='ltr'><strong>quid</strong></span> <span class='ocrx_word' id='word_1_70' title='bbox 888 1354 1048 1453; x_wconf 71' lang='lat' dir='ltr'><strong>agimus?</strong></span> <span class='ocrx_word' id='word_1_71' title='bbox 1075 1353 1275 1453; x_wconf 87' lang='lat' dir='ltr'>Quomodo</span> <span class='ocrx_word' id='word_1_72' title='bbox 1292 1350 1372 1424; x_wconf 76' lang='lat' dir='ltr'><strong>haec</strong></span> 
     </span>
     <span class='ocr_line' id='line_1_11' title="bbox 314 1447 1370 1551; baseline -0.004 -25"><span class='ocrx_word' id='word_1_73' title='bbox 314 1466 378 1526; x_wconf 82' lang='lat' dir='ltr'><strong>aut</strong></span> <span class='ocrx_word' id='word_1_74' title='bbox 389 1453 451 1546; x_wconf 81' lang='lat' dir='ltr'><strong>ipit</strong></span> <span class='ocrx_word' id='word_1_75' title='bbox 462 1454 632 1551; x_wconf 84' lang='lat' dir='ltr'><strong>legimus,</strong></span> <span class='ocrx_word' id='word_1_76' title='bbox 659 1458 875 1551; x_wconf 85' lang='lat' dir='ltr'><strong>autpopulis</strong></span> <span class='ocrx_word' id='word_1_77' title='bbox 889 1456 1120 1550; x_wconf 83' lang='lat' dir='ltr'><strong>exponimus,</strong></span> <span class='ocrx_word' id='word_1_78' title='bbox 1149 1455 1207 1544; x_wconf 88' lang='lat' dir='ltr'><strong>qui</strong></span> <span class='ocrx_word' id='word_1_79' title='bbox 1224 1472 1299 1526; x_wconf 91' lang='lat' dir='ltr'><strong>non</strong></span> <span class='ocrx_word' id='word_1_80' title='bbox 1313 1447 1370 1522; x_wconf 87' lang='lat' dir='ltr'><strong>so-</strong></span> 
     </span>
     <span class='ocr_line' id='line_1_12' title="bbox 309 1546 1372 1650; baseline -0.006 -18"><span class='ocrx_word' id='word_1_81' title='bbox 309 1551 410 1644; x_wconf 73' lang='lat' dir='ltr'><strong>lum,</strong></span> <span class='ocrx_word' id='word_1_82' title='bbox 436 1573 513 1626; x_wconf 92' lang='lat' dir='ltr'><strong>non</strong></span> <span class='ocrx_word' id='word_1_83' title='bbox 533 1556 851 1650; x_wconf 82' lang='lat' dir='ltr'><strong>abrenuntiamus,</strong></span> <span class='ocrx_word' id='word_1_84' title='bbox 877 1557 931 1629; x_wconf 88' lang='lat' dir='ltr'><strong>his</strong></span> <span class='ocrx_word' id='word_1_85' title='bbox 952 1578 1029 1649; x_wconf 85' lang='lat' dir='ltr'><strong>quae</strong></span> <span class='ocrx_word' id='word_1_86' title='bbox 1050 1553 1297 1647; x_wconf 83' lang='lat' dir='ltr'><strong>poiiidemus,</strong></span> <span class='ocrx_word' id='word_1_87' title='bbox 1310 1546 1372 1626; x_wconf 89' lang='lat' dir='ltr'><strong>sed</strong></span> 
     </span>
     <span class='ocr_line' id='line_1_13' title="bbox 313 1648 1371 1749; baseline -0.004 -23"><span class='ocrx_word' id='word_1_88' title='bbox 313 1648 350 1726; x_wconf 77' lang='lat' dir='ltr'><strong>u</strong></span> <span class='ocrx_word' id='word_1_89' title='bbox 375 1653 555 1743; x_wconf 84' lang='lat' dir='ltr'>acquirere</span> <span class='ocrx_word' id='word_1_90' title='bbox 579 1657 750 1732; x_wconf 89' lang='lat' dir='ltr'><strong>volumus</strong></span> <span class='ocrx_word' id='word_1_91' title='bbox 772 1679 842 1749; x_wconf 89' lang='lat' dir='ltr'><strong>ea,</strong></span> <span class='ocrx_word' id='word_1_92' title='bbox 879 1677 955 1746; x_wconf 85' lang='lat' dir='ltr'><strong>quae</strong></span> <span class='ocrx_word' id='word_1_93' title='bbox 978 1675 1157 1746; x_wconf 90' lang='lat' dir='ltr'><strong>nunquam</strong></span> <span class='ocrx_word' id='word_1_94' title='bbox 1184 1651 1371 1724; x_wconf 85' lang='lat' dir='ltr'><strong>habuimus</strong></span> 
     </span>
     <span class='ocr_line' id='line_1_14' title="bbox 312 1749 1414 1843; baseline -0.006 -17"><span class='ocrx_word' id='word_1_95' title='bbox 312 1765 505 1842; x_wconf 76' lang='lat' dir='ltr'><strong>antequam</strong></span> <span class='ocrx_word' id='word_1_96' title='bbox 515 1756 717 1830; x_wconf 86' lang='lat' dir='ltr'><strong>veniremus</strong></span> <span class='ocrx_word' id='word_1_97' title='bbox 733 1757 776 1829; x_wconf 88' lang='lat' dir='ltr'><strong>ad</strong></span> <span class='ocrx_word' id='word_1_98' title='bbox 788 1752 989 1830; x_wconf 68' lang='lat' dir='ltr'><strong>Christum?</strong></span> <span class='ocrx_word' id='word_1_99' title='bbox 1011 1751 1277 1843; x_wconf 83' lang='lat' dir='ltr'><strong>Numquidnam</strong></span> <span class='ocrx_word' id='word_1_100' title='bbox 1290 1749 1373 1839; x_wconf 86' lang='lat' dir='ltr'><strong>quia</strong></span> <span class='ocrx_word' id='word_1_101' title='bbox 1409 1804 1414 1810; x_wconf 96' lang='lat'>.</span> 
     </span>
     <span class='ocr_line' id='line_1_15' title="bbox 236 1849 1371 1950; baseline -0.004 -25"><span class='ocrx_word' id='word_1_102' title='bbox 236 1891 241 1940; x_wconf 86' lang='grc'><em>;</em></span> <span class='ocrx_word' id='word_1_103' title='bbox 311 1868 383 1925; x_wconf 86' lang='lat' dir='ltr'><strong>nos</strong></span> <span class='ocrx_word' id='word_1_104' title='bbox 407 1851 589 1948; x_wconf 70' lang='lat' dir='ltr'><strong>redarguit</strong></span> <span class='ocrx_word' id='word_1_105' title='bbox 614 1856 858 1946; x_wconf 85' lang='lat' dir='ltr'><strong>conscientia,</strong></span> <span class='ocrx_word' id='word_1_106' title='bbox 884 1870 1006 1950; x_wconf 85' lang='lat' dir='ltr'><strong>tegere</strong></span> <span class='ocrx_word' id='word_1_107' title='bbox 1030 1853 1063 1925; x_wconf 86' lang='lat' dir='ltr'><strong>ds</strong></span> <span class='ocrx_word' id='word_1_108' title='bbox 1085 1871 1160 1926; x_wconf 89' lang='lat' dir='ltr'><strong>non</strong></span> <span class='ocrx_word' id='word_1_109' title='bbox 1183 1849 1371 1944; x_wconf 85' lang='lat' dir='ltr'><strong>proferre,</strong></span> 
     </span>
     <span class='ocr_line' id='line_1_16' title="bbox 313 1948 1373 2047; baseline 0 -27"><span class='ocrx_word' id='word_1_110' title='bbox 313 1969 392 2042; x_wconf 89' lang='lat' dir='ltr'><strong>quae</strong></span> <span class='ocrx_word' id='word_1_111' title='bbox 410 1948 538 2043; x_wconf 86' lang='lat' dir='ltr'><strong>scripta</strong></span> <span class='ocrx_word' id='word_1_112' title='bbox 552 1952 651 2042; x_wconf 90' lang='lat' dir='ltr'><strong>sunt,</strong></span> <span class='ocrx_word' id='word_1_113' title='bbox 669 1953 877 2047; x_wconf 73' lang='lat' dir='ltr'><strong>possumus?</strong></span> <span class='ocrx_word' id='word_1_114' title='bbox 901 1953 1005 2026; x_wconf 92' lang='lat' dir='ltr'>Nolo</span> <span class='ocrx_word' id='word_1_115' title='bbox 1028 1952 1198 2044; x_wconf 88' lang='lat' dir='ltr'><strong>duplicati</strong></span> <span class='ocrx_word' id='word_1_116' title='bbox 1217 1948 1373 2022; x_wconf 82' lang='lat' dir='ltr'><strong>criminis</strong></span> 
     </span>
     <span class='ocr_line' id='line_1_17' title="bbox 312 2044 1373 2146; baseline -0.004 -22"><span class='ocrx_word' id='word_1_117' title='bbox 312 2044 394 2124; x_wconf 85' lang='lat' dir='ltr'><strong>fieri</strong></span> <span class='ocrx_word' id='word_1_118' title='bbox 415 2069 508 2125; x_wconf 85' lang='lat' dir='ltr'><strong>reus.</strong></span> <span class='ocrx_word' id='word_1_119' title='bbox 536 2047 728 2128; x_wconf 81' lang='lat' dir='ltr'><strong>Confiteor</strong></span> <span class='ocrx_word' id='word_1_120' title='bbox 744 2052 777 2126; x_wconf 81' lang='lat' dir='ltr'><strong>ds</strong></span> <span class='ocrx_word' id='word_1_121' title='bbox 791 2055 906 2146; x_wconf 88' lang='lat' dir='ltr'><strong>palam</strong></span> <span class='ocrx_word' id='word_1_122' title='bbox 923 2054 1062 2146; x_wconf 83' lang='lat' dir='ltr'><strong>populo</strong></span> <span class='ocrx_word' id='word_1_123' title='bbox 1078 2050 1263 2138; x_wconf 83' lang='lat' dir='ltr'><strong>audiente,</strong></span> <span class='ocrx_word' id='word_1_124' title='bbox 1285 2066 1373 2120; x_wconf 87' lang='lat' dir='ltr'><strong>con·</strong></span> 
     </span>
     <span class='ocr_line' id='line_1_18' title="bbox 311 2141 1373 2245; baseline -0.002 -23"><span class='ocrx_word' id='word_1_125' title='bbox 311 2141 424 2222; x_wconf 86' lang='lat' dir='ltr'><strong>fiteor</strong></span> <span class='ocrx_word' id='word_1_126' title='bbox 445 2148 521 2221; x_wconf 86' lang='lat' dir='ltr'><strong>haec</strong></span> <span class='ocrx_word' id='word_1_127' title='bbox 541 2147 669 2245; x_wconf 88' lang='lat' dir='ltr'><strong>scripta</strong></span> <span class='ocrx_word' id='word_1_128' title='bbox 689 2152 778 2226; x_wconf 82' lang='lat' dir='ltr'><strong>effe:</strong></span> <span class='ocrx_word' id='word_1_129' title='bbox 806 2151 937 2225; x_wconf 82' lang='lat' dir='ltr'><strong>etiamst</strong></span> <span class='ocrx_word' id='word_1_130' title='bbox 958 2151 1119 2224; x_wconf 88' lang='lat' dir='ltr'><strong>nondum</strong></span> <span class='ocrx_word' id='word_1_131' title='bbox 1138 2146 1294 2241; x_wconf 81' lang='lat' dir='ltr'><strong>impleffe</strong></span> <span class='ocrx_word' id='word_1_132' title='bbox 1313 2168 1373 2220; x_wconf 84' lang='lat' dir='ltr'><strong>me</strong></span> 
     </span>
     <span class='ocr_line' id='line_1_19' title="bbox 313 2245 1374 2337; baseline -0.002 -17"><span class='ocrx_word' id='word_1_133' title='bbox 313 2248 419 2321; x_wconf 87' lang='lat' dir='ltr'><strong>novi.</strong></span> <span class='ocrx_word' id='word_1_134' title='bbox 470 2247 540 2322; x_wconf 87' lang='lat' dir='ltr'><strong>Sed</strong></span> <span class='ocrx_word' id='word_1_135' title='bbox 562 2273 608 2324; x_wconf 87' lang='lat' dir='ltr'><strong>ex</strong></span> <span class='ocrx_word' id='word_1_136' title='bbox 628 2253 701 2326; x_wconf 92' lang='lat' dir='ltr'><strong>hoc</strong></span> <span class='ocrx_word' id='word_1_137' title='bbox 715 2250 837 2337; x_wconf 85' lang='lat' dir='ltr'><strong>saltem</strong></span> <span class='ocrx_word' id='word_1_138' title='bbox 855 2251 1067 2326; x_wconf 84' lang='lat' dir='ltr'><strong>commoniti</strong></span> <span class='ocrx_word' id='word_1_139' title='bbox 1086 2248 1288 2322; x_wconf 87' lang='lat' dir='ltr'><strong>festinemus</strong></span> <span class='ocrx_word' id='word_1_140' title='bbox 1309 2245 1374 2318; x_wconf 90' lang='lat' dir='ltr'><strong>im·</strong></span> 
     </span>
     <span class='ocr_line' id='line_1_20' title="bbox 313 2344 1372 2443; baseline -0.004 -23"><span class='ocrx_word' id='word_1_141' title='bbox 313 2348 436 2443; x_wconf 82' lang='lat' dir='ltr'><strong>plere,</strong></span> <span class='ocrx_word' id='word_1_142' title='bbox 459 2344 662 2424; x_wconf 86' lang='lat' dir='ltr'><strong>festinemus</strong></span> <span class='ocrx_word' id='word_1_143' title='bbox 686 2350 832 2436; x_wconf 86' lang='lat' dir='ltr'><strong>transrre</strong></span> <span class='ocrx_word' id='word_1_144' title='bbox 850 2374 870 2423; x_wconf 91' lang='lat' dir='ltr'><strong>a</strong></span> <span class='ocrx_word' id='word_1_145' title='bbox 891 2350 1133 2424; x_wconf 86' lang='lat' dir='ltr'><strong>sacerdotibus</strong></span> <span class='ocrx_word' id='word_1_146' title='bbox 1152 2344 1372 2437; x_wconf 86' lang='lat' dir='ltr'><strong>Pharaonis,</strong></span> 
     </span>
     <span class='ocr_line' id='line_1_21' title="bbox 315 2444 1375 2544; baseline -0.003 -25"><span class='ocrx_word' id='word_1_147' title='bbox 315 2446 444 2542; x_wconf 89' lang='lat' dir='ltr'><strong>quibus</strong></span> <span class='ocrx_word' id='word_1_148' title='bbox 465 2460 608 2522; x_wconf 86' lang='lat' dir='ltr'><strong>terrena</strong></span> <span class='ocrx_word' id='word_1_149' title='bbox 626 2450 787 2544; x_wconf 82' lang='lat' dir='ltr'><strong>poffeffio</strong></span> <span class='ocrx_word' id='word_1_150' title='bbox 813 2450 885 2543; x_wconf 89' lang='lat' dir='ltr'><strong>est,</strong></span> <span class='ocrx_word' id='word_1_151' title='bbox 912 2451 955 2524; x_wconf 91' lang='lat' dir='ltr'><strong>ad</strong></span> <span class='ocrx_word' id='word_1_152' title='bbox 977 2445 1178 2541; x_wconf 82' lang='lat' dir='ltr'><strong>sacerdotes</strong></span> <span class='ocrx_word' id='word_1_153' title='bbox 1198 2444 1375 2537; x_wconf 89' lang='lat' dir='ltr'><strong>Domini,</strong></span> 
     </span>
     <span class='ocr_line' id='line_1_22' title="bbox 315 2545 1374 2646; baseline -0.002 -28"><span class='ocrx_word' id='word_1_154' title='bbox 315 2545 445 2639; x_wconf 88' lang='lat' dir='ltr'><strong>quibus</strong></span> <span class='ocrx_word' id='word_1_155' title='bbox 464 2548 502 2620; x_wconf 89' lang='lat' dir='ltr'><strong>in</strong></span> <span class='ocrx_word' id='word_1_156' title='bbox 513 2562 608 2622; x_wconf 85' lang='lat' dir='ltr'><strong>terra</strong></span> <span class='ocrx_word' id='word_1_157' title='bbox 623 2571 704 2646; x_wconf 87' lang='lat' dir='ltr'><strong>pars</strong></span> <span class='ocrx_word' id='word_1_158' title='bbox 720 2572 795 2627; x_wconf 88' lang='lat' dir='ltr'><strong>non</strong></span> <span class='ocrx_word' id='word_1_159' title='bbox 814 2550 886 2643; x_wconf 91' lang='lat' dir='ltr'><strong>est,</strong></span> <span class='ocrx_word' id='word_1_160' title='bbox 913 2550 1040 2641; x_wconf 89' lang='lat' dir='ltr'><strong>quibus</strong></span> <span class='ocrx_word' id='word_1_161' title='bbox 1057 2548 1182 2641; x_wconf 90' lang='lat' dir='ltr'><strong>portio</strong></span> <span class='ocrx_word' id='word_1_162' title='bbox 1195 2545 1374 2618; x_wconf 88' lang='lat' dir='ltr'><strong>Dominus</strong></span> 
     </span>
     <span class='ocr_line' id='line_1_23' title="bbox 314 2641 1377 2745; baseline -0.008 -23"><span class='ocrx_word' id='word_1_163' title='bbox 314 2643 378 2722; x_wconf 77' lang='lat' dir='ltr'><strong>eu</strong></span> <span class='ocrx_word' id='word_1_164' title='bbox 429 2642 528 2721; x_wconf 79' lang='lat' dir='ltr'><strong>Telis</strong></span> <span class='ocrx_word' id='word_1_165' title='bbox 546 2651 815 2745; x_wconf 87' lang='lat' dir='ltr'><strong>enimeratille,</strong></span> <span class='ocrx_word' id='word_1_166' title='bbox 842 2654 900 2741; x_wconf 87' lang='lat' dir='ltr'><strong>qui</strong></span> <span class='ocrx_word' id='word_1_167' title='bbox 916 2652 1076 2724; x_wconf 86' lang='lat' dir='ltr'><strong>dicebat:</strong></span> <span class='ocrx_word' id='word_1_168' title='bbox 1108 2641 1274 2743; x_wconf 79' lang='lat' dir='ltr'><strong>Tanquam</strong></span> <span class='ocrx_word' id='word_1_169' title='bbox 1284 2668 1377 2739; x_wconf 66' lang='lat' dir='ltr'><strong>egen,</strong></span> 
     </span>
     <span class='ocr_line' id='line_1_24' title="bbox 312 2740 1374 2843; baseline 0.001 -25"><span class='ocrx_word' id='word_1_170' title='bbox 312 2760 386 2834; x_wconf 80' lang='lat' dir='ltr'><strong>res,</strong></span> <span class='ocrx_word' id='word_1_171' title='bbox 412 2749 525 2820; x_wconf 71' lang='lat' dir='ltr'><strong>nultus</strong></span> <span class='ocrx_word' id='word_1_172' title='bbox 548 2769 654 2822; x_wconf 79' lang='lat' dir='ltr'><strong>aerem</strong></span> <span class='ocrx_word' id='word_1_173' title='bbox 673 2752 907 2843; x_wconf 77' lang='lat' dir='ltr'><strong>locupletantes.</strong></span> <span class='ocrx_word' id='word_1_174' title='bbox 968 2755 1011 2825; x_wconf 81' lang='lat' dir='ltr'><strong>Ut</strong></span> <span class='ocrx_word' id='word_1_175' title='bbox 1029 2749 1118 2819; x_wconf 78' lang='lat' dir='ltr'><strong>nihii</strong></span> <span class='ocrx_word' id='word_1_176' title='bbox 1136 2746 1306 2830; x_wconf 79' lang='lat' dir='ltr'><strong>habentes,</strong></span> <span class='ocrx_word' id='word_1_177' title='bbox 1333 2740 1374 2819; x_wconf 61' lang='grc' dir='ltr'><strong>(Ὺ</strong></span> 
     </span>
     <span class='ocr_line' id='line_1_25' title="bbox 312 2844 1375 2941; baseline -0.003 -22"><span class='ocrx_word' id='word_1_178' title='bbox 312 2850 424 2923; x_wconf 80' lang='lat' dir='ltr'><strong>omnia</strong></span> <span class='ocrx_word' id='word_1_179' title='bbox 438 2844 629 2938; x_wconf 73' lang='lat' dir='ltr'><strong>poffidmres.</strong></span> <span class='ocrx_word' id='word_1_180' title='bbox 663 2851 791 2924; x_wconf 86' lang='lat' dir='ltr'><strong>Paulus</strong></span> <span class='ocrx_word' id='word_1_181' title='bbox 807 2850 865 2922; x_wconf 93' lang='lat' dir='ltr'><strong>hic</strong></span> <span class='ocrx_word' id='word_1_182' title='bbox 882 2847 955 2941; x_wconf 87' lang='lat' dir='ltr'><strong>est,</strong></span> <span class='ocrx_word' id='word_1_183' title='bbox 976 2849 1033 2941; x_wconf 88' lang='lat' dir='ltr'><strong>qui</strong></span> <span class='ocrx_word' id='word_1_184' title='bbox 1049 2849 1085 2920; x_wconf 91' lang='lat' dir='ltr'><strong>in</strong></span> <span class='ocrx_word' id='word_1_185' title='bbox 1100 2847 1228 2919; x_wconf 90' lang='lat' dir='ltr'><strong>talibus</strong></span> <span class='ocrx_word' id='word_1_186' title='bbox 1245 2844 1375 2940; x_wconf 86' lang='lat' dir='ltr'><strong>gloria·</strong></span> 
     </span>
     <span class='ocr_line' id='line_1_26' title="bbox 314 2943 1376 3042; baseline -0.003 -24"><span class='ocrx_word' id='word_1_187' title='bbox 314 2956 385 3020; x_wconf 88' lang='lat' dir='ltr'><strong>tur.</strong></span> <span class='ocrx_word' id='word_1_188' title='bbox 412 2944 480 3020; x_wconf 92' lang='lat' dir='ltr'><strong>Vis</strong></span> <span class='ocrx_word' id='word_1_189' title='bbox 499 2948 639 3042; x_wconf 81' lang='lat' dir='ltr'><strong>asrdire,</strong></span> <span class='ocrx_word' id='word_1_190' title='bbox 664 2950 748 3041; x_wconf 92' lang='lat' dir='ltr'><strong>quid</strong></span> <span class='ocrx_word' id='word_1_191' title='bbox 765 2951 873 3024; x_wconf 89' lang='lat' dir='ltr'><strong>etiam</strong></span> <span class='ocrx_word' id='word_1_192' title='bbox 884 2943 1018 3021; x_wconf 81' lang='lat' dir='ltr'><strong>Petrus</strong></span> <span class='ocrx_word' id='word_1_193' title='bbox 1034 2947 1077 3020; x_wconf 89' lang='lat' dir='ltr'><strong>de</strong></span> <span class='ocrx_word' id='word_1_194' title='bbox 1090 2943 1200 3037; x_wconf 83' lang='lat' dir='ltr'><strong>seipso</strong></span> <span class='ocrx_word' id='word_1_195' title='bbox 1217 2964 1376 3037; x_wconf 87' lang='lat' dir='ltr'><strong>pronun·</strong></span> 
     </span>
     <span class='ocr_line' id='line_1_27' title="bbox 315 3041 1370 3142; baseline -0.001 -25"><span class='ocrx_word' id='word_1_196' title='bbox 315 3042 416 3118; x_wconf 73' lang='lat' dir='ltr'><strong>ciet?</strong></span> <span class='ocrx_word' id='word_1_197' title='bbox 442 3044 578 3122; x_wconf 85' lang='lat' dir='ltr'><strong>Audite</strong></span> <span class='ocrx_word' id='word_1_198' title='bbox 599 3070 680 3125; x_wconf 90' lang='lat' dir='ltr'><strong>eum</strong></span> <span class='ocrx_word' id='word_1_199' title='bbox 704 3070 785 3125; x_wconf 89' lang='lat' dir='ltr'><strong>cum</strong></span> <span class='ocrx_word' id='word_1_200' title='bbox 805 3047 945 3142; x_wconf 88' lang='lat' dir='ltr'><strong>Joanne</strong></span> <span class='ocrx_word' id='word_1_201' title='bbox 961 3049 1093 3139; x_wconf 90' lang='lat' dir='ltr'><strong>pariter</strong></span> <span class='ocrx_word' id='word_1_202' title='bbox 1116 3041 1370 3140; x_wconf 88' lang='lat' dir='ltr'><strong>profitentem,</strong></span> 
     </span>
     <span class='ocr_line' id='line_1_28' title="bbox 316 3141 1373 3242; baseline -0.004 -26"><span class='ocrx_word' id='word_1_203' title='bbox 316 3141 352 3217; x_wconf 70' lang='grc' dir='ltr'><strong>ἃ</strong></span> <span class='ocrx_word' id='word_1_204' title='bbox 373 3143 574 3237; x_wconf 86' lang='lat' dir='ltr'><strong>dicentem,</strong></span> <span class='ocrx_word' id='word_1_205' title='bbox 604 3152 729 3221; x_wconf 78' lang='lat' dir='ltr'><strong>Aurum</strong></span> <span class='ocrx_word' id='word_1_206' title='bbox 753 3147 793 3226; x_wconf 74' lang='lat'><strong>(7</strong></span> <span class='ocrx_word' id='word_1_207' title='bbox 816 3165 980 3242; x_wconf 77' lang='lat' dir='ltr'><strong>argentum</strong></span> <span class='ocrx_word' id='word_1_208' title='bbox 1001 3173 1068 3218; x_wconf 84' lang='lat' dir='ltr'><strong>uon</strong></span> <span class='ocrx_word' id='word_1_209' title='bbox 1090 3145 1201 3228; x_wconf 76' lang='lat' dir='ltr'><strong>habeo,</strong></span> <span class='ocrx_word' id='word_1_210' title='bbox 1222 3146 1275 3232; x_wconf 79' lang='lat' dir='ltr'><strong>sed</strong></span> <span class='ocrx_word' id='word_1_211' title='bbox 1291 3144 1373 3240; x_wconf 82' lang='lat' dir='ltr'><strong>quod</strong></span> 
     </span>
     <span class='ocr_line' id='line_1_29' title="bbox 312 3242 1378 3343; baseline -0.004 -27"><span class='ocrx_word' id='word_1_212' title='bbox 312 3242 427 3332; x_wconf 76' lang='lat' dir='ltr'><strong>habeo,</strong></span> <span class='ocrx_word' id='word_1_213' title='bbox 448 3248 503 3314; x_wconf 79' lang='lat' dir='ltr'><strong>hoc</strong></span> <span class='ocrx_word' id='word_1_214' title='bbox 524 3249 585 3317; x_wconf 80' lang='lat' dir='ltr'><strong>tibi</strong></span> <span class='ocrx_word' id='word_1_215' title='bbox 602 3249 650 3326; x_wconf 83' lang='lat' dir='ltr'><strong>do.</strong></span> <span class='ocrx_word' id='word_1_216' title='bbox 706 3252 743 3320; x_wconf 83' lang='lat' dir='ltr'><strong>In</strong></span> <span class='ocrx_word' id='word_1_217' title='bbox 763 3273 892 3320; x_wconf 85' lang='lat' dir='ltr'><strong>nomme</strong></span> <span class='ocrx_word' id='word_1_218' title='bbox 916 3250 994 3334; x_wconf 62' lang='lat' dir='ltr'><strong>&#39;iesu</strong></span> <span class='ocrx_word' id='word_1_219' title='bbox 1017 3246 1135 3343; x_wconf 69' lang='lat' dir='ltr'><strong>Christi</strong></span> <span class='ocrx_word' id='word_1_220' title='bbox 1150 3246 1238 3336; x_wconf 72' lang='lat' dir='ltr'><strong>{urge</strong></span> <span class='ocrx_word' id='word_1_221' title='bbox 1254 3243 1291 3318; x_wconf 61' lang='grc' dir='ltr'><strong><em>ὅ</em></strong></span> <span class='ocrx_word' id='word_1_222' title='bbox 1307 3269 1378 3313; x_wconf 83' lang='lat' dir='ltr'><strong>am-</strong></span> 
     </span>
     <span class='ocr_line' id='line_1_30' title="bbox 311 3340 1378 3434; baseline -0.002 -18"><span class='ocrx_word' id='word_1_223' title='bbox 311 3340 397 3416; x_wconf 73' lang='lat' dir='ltr'><strong>bula.</strong></span> <span class='ocrx_word' id='word_1_224' title='bbox 445 3345 561 3419; x_wconf 91' lang='lat' dir='ltr'><strong>Vides</strong></span> <span class='ocrx_word' id='word_1_225' title='bbox 577 3345 802 3422; x_wconf 87' lang='lat' dir='ltr'><strong>sacerdotum</strong></span> <span class='ocrx_word' id='word_1_226' title='bbox 822 3345 950 3421; x_wconf 89' lang='lat' dir='ltr'><strong>Christi</strong></span> <span class='ocrx_word' id='word_1_227' title='bbox 973 3346 1139 3434; x_wconf 87' lang='lat' dir='ltr'><strong>divitias,</strong></span> <span class='ocrx_word' id='word_1_228' title='bbox 1167 3345 1267 3418; x_wconf 89' lang='lat' dir='ltr'><strong>vides</strong></span> <span class='ocrx_word' id='word_1_229' title='bbox 1288 3343 1378 3416; x_wconf 89' lang='lat' dir='ltr'><strong>nihil</strong></span> 
     </span>
     <span class='ocr_line' id='line_1_31' title="bbox 312 3439 1379 3544; baseline -0.006 -24"><span class='ocrx_word' id='word_1_230' title='bbox 312 3439 512 3537; x_wconf 86' lang='lat' dir='ltr'><strong>habentes,</strong></span> <span class='ocrx_word' id='word_1_231' title='bbox 539 3459 669 3537; x_wconf 91' lang='lat' dir='ltr'><strong>quanta</strong></span> <span class='ocrx_word' id='word_1_232' title='bbox 685 3447 719 3520; x_wconf 80' lang='lat' dir='ltr'><strong>da</strong></span> <span class='ocrx_word' id='word_1_233' title='bbox 738 3449 852 3540; x_wconf 91' lang='lat' dir='ltr'><strong>qualia</strong></span> <span class='ocrx_word' id='word_1_234' title='bbox 866 3448 1074 3544; x_wconf 82' lang='lat' dir='ltr'><strong>largiuntur.</strong></span> <span class='ocrx_word' id='word_1_235' title='bbox 1100 3446 1184 3519; x_wconf 89' lang='lat' dir='ltr'><strong>lstas</strong></span> <span class='ocrx_word' id='word_1_236' title='bbox 1202 3464 1291 3536; x_wconf 90' lang='lat' dir='ltr'><strong>opes</strong></span> <span class='ocrx_word' id='word_1_237' title='bbox 1309 3443 1379 3515; x_wconf 87' lang='lat' dir='ltr'><strong>lar·</strong></span> 
     </span>
     <span class='ocr_line' id='line_1_32' title="bbox 313 3541 957 3640; baseline 0.008 -27"><span class='ocrx_word' id='word_1_238' title='bbox 313 3541 381 3640; x_wconf 81' lang='lat' dir='ltr'><strong>giri</strong></span> <span class='ocrx_word' id='word_1_239' title='bbox 395 3561 472 3614; x_wconf 90' lang='lat' dir='ltr'><strong>non</strong></span> <span class='ocrx_word' id='word_1_240' title='bbox 490 3545 613 3635; x_wconf 85' lang='lat' dir='ltr'><strong>potest·</strong></span> <span class='ocrx_word' id='word_1_241' title='bbox 625 3560 770 3619; x_wconf 89' lang='lat' dir='ltr'><strong>terrena</strong></span> <span class='ocrx_word' id='word_1_242' title='bbox 783 3544 957 3640; x_wconf 80' lang='lat' dir='ltr'><strong>poss&#39;effio</strong></span> 
     </span>
     <span class='ocr_line' id='line_1_33' title="bbox 391 3636 1379 3735; baseline 0.002 -22"><span class='ocrx_word' id='word_1_243' title='bbox 391 3643 427 3716; x_wconf 82' lang='lat'><strong>6.</strong></span> <span class='ocrx_word' id='word_1_244' title='bbox 454 3640 682 3720; x_wconf 90' lang='lat' dir='ltr'><strong>Contulimus</strong></span> <span class='ocrx_word' id='word_1_245' title='bbox 707 3644 910 3720; x_wconf 89' lang='lat' dir='ltr'><strong>sacerdotes</strong></span> <span class='ocrx_word' id='word_1_246' title='bbox 932 3643 1195 3728; x_wconf 83' lang='lat' dir='ltr'><strong>sacerdotibus,</strong></span> <span class='ocrx_word' id='word_1_247' title='bbox 1221 3636 1379 3735; x_wconf 82' lang='lat' dir='ltr'><strong>nunc(st</strong></span> 
     </span>
     <span class='ocr_line' id='line_1_34' title="bbox 314 3739 1377 3841; baseline -0.002 -27"><span class='ocrx_word' id='word_1_248' title='bbox 314 3739 483 3837; x_wconf 84' lang='lat' dir='ltr'><strong>videtur)</strong></span> <span class='ocrx_word' id='word_1_249' title='bbox 513 3743 546 3816; x_wconf 81' lang='lat' dir='ltr'><strong>dc</strong></span> <span class='ocrx_word' id='word_1_250' title='bbox 571 3746 746 3837; x_wconf 83' lang='lat' dir='ltr'><strong>populum</strong></span> <span class='ocrx_word' id='word_1_251' title='bbox 773 3743 984 3841; x_wconf 86' lang='lat' dir='ltr'><strong>AEgyptium</strong></span> <span class='ocrx_word' id='word_1_252' title='bbox 1011 3745 1151 3835; x_wconf 91' lang='lat' dir='ltr'><strong>populo</strong></span> <span class='ocrx_word' id='word_1_253' title='bbox 1185 3739 1377 3812; x_wconf 80' lang='lat' dir='ltr'><strong>israelitico</strong></span> 
     </span>
     <span class='ocr_line' id='line_1_35' title="bbox 315 3839 1380 3931; baseline 0.001 -20"><span class='ocrx_word' id='word_1_254' title='bbox 315 3839 557 3918; x_wconf 87' lang='lat' dir='ltr'><strong>conferamus.</strong></span> <span class='ocrx_word' id='word_1_255' title='bbox 609 3843 754 3916; x_wconf 89' lang='lat' dir='ltr'><strong>Dicitur</strong></span> <span class='ocrx_word' id='word_1_256' title='bbox 774 3846 870 3917; x_wconf 90' lang='lat' dir='ltr'><strong>enim</strong></span> <span class='ocrx_word' id='word_1_257' title='bbox 887 3844 924 3917; x_wconf 90' lang='lat' dir='ltr'><strong>in</strong></span> <span class='ocrx_word' id='word_1_258' title='bbox 946 3840 1267 3931; x_wconf 85' lang='lat' dir='ltr'><strong>consequentibus,</strong></span> <span class='ocrx_word' id='word_1_259' title='bbox 1296 3839 1380 3930; x_wconf 85' lang='lat' dir='ltr'><strong>quia</strong></span> 
     </span>
     <span class='ocr_line' id='line_1_36' title="bbox 260 3937 1379 4054; baseline 0.001 -44"><span class='ocrx_word' id='word_1_260' title='bbox 260 3949 266 4054; x_wconf 57' lang='lat' dir='ltr'><strong>j</strong></span> <span class='ocrx_word' id='word_1_261' title='bbox 314 3937 398 4034; x_wconf 85' lang='lat' dir='ltr'><strong>post</strong></span> <span class='ocrx_word' id='word_1_262' title='bbox 420 3939 549 4015; x_wconf 79' lang='lat' dir='ltr'><strong>funem</strong></span> <span class='ocrx_word' id='word_1_263' title='bbox 573 3942 609 4015; x_wconf 71' lang='grc' dir='ltr'><strong>δι’</strong></span> <span class='ocrx_word' id='word_1_264' title='bbox 628 3941 836 4017; x_wconf 85' lang='lat' dir='ltr'><strong>servitutem</strong></span> <span class='ocrx_word' id='word_1_265' title='bbox 855 3944 1012 4037; x_wconf 89' lang='lat' dir='ltr'><strong>populus</strong></span> <span class='ocrx_word' id='word_1_266' title='bbox 1026 3939 1217 4034; x_wconf 86' lang='lat' dir='ltr'><strong>AEgyptius</strong></span> <span class='ocrx_word' id='word_1_267' title='bbox 1237 3939 1379 4029; x_wconf 87' lang='lat' dir='ltr'><strong>quintas</strong></span> 
     </span>
     <span class='ocr_line' id='line_1_37' title="bbox 315 4035 1381 4129; baseline 0 -17"><span class='ocrx_word' id='word_1_268' title='bbox 315 4035 451 4115; x_wconf 85' lang='lat' dir='ltr'><strong>offerat</strong></span> <span class='ocrx_word' id='word_1_269' title='bbox 469 4039 657 4118; x_wconf 85' lang='lat' dir='ltr'><strong>Pharaoni.</strong></span> <span class='ocrx_word' id='word_1_270' title='bbox 703 4040 742 4118; x_wconf 74' lang='lat' dir='ltr'><strong>,E</strong></span> <span class='ocrx_word' id='word_1_271' title='bbox 757 4043 944 4119; x_wconf 87' lang='lat' dir='ltr'><strong>contrario</strong></span> <span class='ocrx_word' id='word_1_272' title='bbox 965 4063 1058 4116; x_wconf 90' lang='lat' dir='ltr'><strong>vero</strong></span> <span class='ocrx_word' id='word_1_273' title='bbox 1077 4039 1290 4114; x_wconf 83' lang='lat' dir='ltr'><strong>lsranliticus</strong></span> <span class='ocrx_word' id='word_1_274' title='bbox 1313 4059 1381 4129; x_wconf 90' lang='lat' dir='ltr'><strong>po·</strong></span> 
     </span>
     <span class='ocr_line' id='line_1_38' title="bbox 260 4139 1326 4232; baseline -0.007 -15"><span class='ocrx_word' id='word_1_275' title='bbox 260 4189 301 4217; x_wconf 60' lang='grc' dir='ltr'>ι</span> <span class='ocrx_word' id='word_1_276' title='bbox 1014 4193 1018 4200; x_wconf 91' lang='grc'>-</span> <span class='ocrx_word' id='word_1_277' title='bbox 1188 4205 1191 4212; x_wconf 92' lang='grc'>,</span> <span class='ocrx_word' id='word_1_278' title='bbox 1220 4139 1326 4232; x_wconf 66' lang='grc' dir='ltr'><strong>ΡΠῙΠδ</strong></span> 
     </span>
    </p>
   </div>
   <div class='ocr_carea' id='block_1_3' title="bbox 0 0 1718 4692">
    <p class='ocr_par' dir='ltr' id='par_1_3' title="bbox 0 0 1718 4692">
     <span class='ocr_line' id='line_1_39' title="bbox 0 0 1718 4692; baseline 0 0"><span class='ocrx_word' id='word_1_279' title='bbox 0 0 1718 4692; x_wconf 95' lang='lat' dir='ltr'><strong> </strong></span> 
     </span>
    </p>
   </div>
  </div>
 </body>
</html>
