3417 4692
373 425 448 503 ῳ
519 455 521 460 -
693 345 1127 490 onroaurs
1205 457 1210 467 -

292 543 296 552 ’
374 580 453 642 tum
471 565 627 684 ,Domini
655 570 878 650 dedicantur.
926 573 988 649 Fit
1010 570 1246 750 prtgeoea&
1272 572 1313 648 in
1326 572 1439 667 aliis,

373 672 437 742 vel
456 670 663 767 libris‚‘vel
680 673 793 769 locis,
819 675 951 748 horum
971 696 1054 748 com
1093 689 1295 767 emoratro,
1324 671 1444 748 &ire-

358 773 527 860 'quenter
552 774 749 870 repetitur,
779 789 911 868 utpote
935 775 1035 868 quod
1054 773 1255 848 neceiiatio
1280 795 1446 848 commo·

372 871 513 972 netur.)
540 871 652 948 Nunc
679 895 766 970 ergo
796 875 969 952 recitatus
998 873 1050 952 est
1076 877 1182 951 nobis
1207 875 1269 949 ille
1298 875 1444 970 sermo,

372 968 434 1041 ubi
456 973 560 1046 dicit:
587 976 636 1048 Ee
655 978 741 1047 duxit
762 979 889 1071 Moyses
908 979 948 1054 od
966 1001 1086 1050 omnam
1104 979 1289 1073 synogogam
1301 977 1446 1065 filiorum

374 1071 471 1159 Issaei
489 1080 611 1148 dicens:
639 1080 705 1148 Hoc
727 1076 767 1176 est
789 1078 921 1149 uerbum
939 1080 1018 1174 quod
1036 1084 1184 1176 precepit
1208 1079 1381 1148 'Dominus
1401 1080 1445 1146 di·

372 1194 464 1247 tans:
490 1180 617 1248 Sumite
632 1204 653 1247 o
672 1182 762 1250 vodis
781 1178 851 1276 ipfis
870 1177 1107 1276 redemptionem
1130 1183 1278 1266 Domino.
1330 1181 1445 1250 Omnis

373 1282 430 1370 qui
445 1283 581 1372 concepit
596 1278 701 1364 corde,
728 1279 840 1371 offerar
859 1283 962 1358 irrisio
983 1281 1143 1356 Domirm
1168 1301 1307 1359 aurum,
1335 1302 1446 1373 amru

373 1390 473 1467 tum,
506 1395 731 1463 uramentum,
757 1379 996 1473 hyacinthum„
1016 1399 1213 1476 purpuram,
1243 1403 1372 1448 mesum
1394 1382 1446 1448 du·

371 1476 542 1572 plicarum,
569 1477 607 1554 (Ἰ
626 1478 743 1573 byffium
758 1497 896 1566 tortam,
911 1481 995 1580 prior
1010 1502 1194 1576 caprarum,
1217 1477 1257 1554 U
1271 1481 1368 1573 pedes
1383 1485 1446 1552 uris

371 1592 441 1650 tum
456 1577 649 1659 rubricator,
676 1578 714 1655 ὅ
725 1584 816 1677 pedes
832 1581 1086 1676 hyacinthinus,
1111 1583 1201 1674 digua
1215 1581 1446 1675 imputribilia,

372 1673 413 1754 di
435 1677 552 1776 lapidus
562 1681 733 1770 firrdinor,
759 1681 798 1758 σ
814 1682 932 1778 lapides
950 1683 991 1753 ad
1010 1682 1204 1775 sculpturam
1225 1679 1448 1760 desiturumlt‘

372 1778 413 1856 (5
429 1782 554 1871 podere3
581 1780 620 1857 (5
636 1786 872 1876 omnissapims
886 1785 976 1853 corde
995 1787 1031 1850 r'rr
1053 1781 1144 1852 uobis
1162 1784 1299 1862 veniat,
1324 1776 1368 1856 (5
1385 1801 1447 1874 oge-

374 1896 466 1950 retur
489 1886 596 1952 omnia
624 1907 692 1979 quae
712 1887 861 1980 pracepit
897 1887 1066 1954 Dominus.
1135 1878 1227 1954 Cum
1249 1879 1445 1956 confidem

260 2018 262 2021 ·
372 1977 542 2073 meipsum
559 1982 733 2076 primurn,
760 1981 794 2056 dr
812 1981 986 2073 discutio,
1010 1983 1111 2078 piget
1125 1980 1170 2070 ad
1187 1981 1265 2052 iraec
1282 1981 1447 2072 aperien-

373 2080 417 2152 da
440 2101 584 2155 manum
604 2084 760 2158 mittere.
811 2083 960 2156 Vereor
976 2085 1079 2154 enim
1105 2102 1152 2154 oe
1180 2078 1282 2154 forte
1310 2077 1448 2160 etiamst

261 2220 263 2225 ·
371 2177 553 2253 Dominus
578 2183 744 2255 revelare
758 2181 924 2276 dignetur
943 2182 1069 2273 alicui,
1094 2180 1184 2254 srcut
1201 2177 1308 2252 forte
1323 2179 1448 2275 digna·

372 2292 432 2351 tur
458 2275 524 2376 (de
548 2291 606 2353 me
622 2281 716 2355 enirn
744 2292 822 2353 non
847 2280 920 2355 sum
942 2279 1041 2356 ausus
1065 2279 1210 2377 dicere)
1236 2299 1378 2352 vereor
1396 2279 1447 2351 io·

372 2400 499 2474 quarn,
525 2380 681 2454 &valde
701 2380 870 2454 dubitosr
893 2382 1055 2454 inveniat
1073 2380 1277 2454 auditores:
1304 2378 1343 2450 dt
1364 2398 1441 2450 cum

371 2481 422 2553 ita
440 2479 500 2571 sit,
534 2501 579 2555 ne
595 2479 693 2553 forte
715 2485 758 2555 ab
781 2502 828 2555 eo
851 2482 911 2572 qui
931 2483 1123 2572 explanare
1140 2480 1367 2571 conabitur,
1390 2497 1441 2548 te·

373 2580 555 2672 quiratur,
582 2581 771 2654 dominica
783 2582 996 2677 margaritae,
1016 2582 1077 2653 ubi
1097 2580 1159 2651 vei
1173 2577 1368 2669 quomodo
1383 2576 1442 2650 vel

357 2697 458 2765 ante
486 2702 579 2771 quos
602 2685 802 2757 mittantur.
856 2682 994 2753 Verum
1027 2679 1196 2771 quoniam
1220 2665 1443 2772 magnopere

372 2778 604 2872 exspectaris,
631 2796 673 2853 ut
693 2785 808 2872 aliqua
821 2803 865 2854 ex
879 2782 933 2853 his
950 2801 1026 2870 quae
1045 2776 1135 2852 ledta
1150 2777 1249 2869 sunt,
1278 2775 1443 2850 differan-

372 2895 457 2969 tur,
484 2880 518 2952 ds
537 2884 707 2974 praecepit
722 2882 806 2954 mihi
827 2880 1006 2953 Dominus
1030 2899 1130 2953 meus
1148 2879 1288 2951 dicenst
1316 2882 1443 2955 Ouarsa·

372 2981 427 3052 bat
450 2982 577 3053 sedare
599 2990 766 3077 pecuniam
791 3006 888 3052 meam
913 2981 953 3050 ad
980 2981 1142 3069 mansam,
1172 2978 1211 3055 U
1238 3003 1288 3070 ege
1306 2985 1443 3048 veniens

373 3105 443 3151 cum
472 3083 576 3166 usuris
608 3087 717 3179 urique
744 3080 897 3176 exigrffem
922 3102 1015 3153 tam:
1055 3078 1166 3173 ipsum
1194 3078 1370 3171 rogabO,
1404 3088 1443 3148 ut

372 3182 526 3256 verbum
554 3203 672 3255 meum
697 3180 791 3255 suam
819 3181 1007 3273 pecuniam
1028 3178 1147 3252 facere
1171 3178 1365 3273 dignetur,
1391 3176 1442 3248 uti

372 3302 450 3358 non
464 3302 578 3353 meam
595 3283 802 3374 pecuniam,
829 3302 906 3353 non
928 3300 1046 3352 meum
1069 3299 1192 3352 aurum
1212 3277 1351 3370 vobis,
1385 3274 1444 3350 sed

372 3382 477 3476 ipsrus
502 3380 701 3473 ioenerem,
731 3381 836 3473 ipsius
861 3380 970 3452 vobis
993 3380 1132 3466 verbo,
1159 3376 1321 3470 &ipsius
1344 3374 1446 3450 sensu

371 3483 527 3572 loquar,
563 3481 595 3552 dt
623 3481 667 3554 ad
691 3482 831 3553 auditus
861 3479 967 3553 vestri
994 3480 1070 3551 haec
1094 3476 1251 3552 deferam
1275 3476 1442 3554 mensam.

368 3582 454 3654 Vos
471 3582 542 3672 jam
564 3580 727 3654 videritis
749 3579 976 3671 suscipientes
991 3577 1207 3650 dominicam
1225 3579 1443 3671 pecuniam,

372 3680 561 3771 quomodo
586 3679 703 3753 usuras
731 3682 807 3773 ejus
830 3678 994 3752 venienti
1029 3677 1192 3751 Domino
1220 3679 1441 3770 preparetis.

370 3779 495 3853 Uiurae
517 3795 635 3853 autem
655 3778 735 3854 sunt
755 3781 856 3852 verbi
877 3778 947 3850 Dei
967 3832 980 3870 ‚
1014 3777 1145 3852 habere
1161 3777 1199 3850 in
1219 3775 1283 3848 uso
1299 3777 1389 3850 vitae
1409 3777 1442 3850 dt

371 3878 511 3954 actuum
537 3901 579 3951 ea
605 3901 681 3970 quae
707 3879 876 3971 pracepit
900 3874 1016 3951 sermo
1043 3876 1127 3955 Dei.
1179 3875 1217 3948 Si
1234 3897 1325 3974 ergo
1347 3879 1444 3950 audi·

376 3996 478 4051 eures
497 3979 648 4051 verbum
668 3980 808 4052 utimini
824 4002 891 4071 e0,
919 3978 952 4064 ξι
972 3976 1075 4071 agitis
1094 3975 1288 4051 secundum
1306 3999 1348 4050 ea
1367 3997 1444 4070 quet

368 4081 526 4179 auditis,
562 4079 596 4154 dt
624 4078 819 4156 secundum
845 4075 922 4154 haec
945 4076 1072 4152 vivitis
1087 4107 1114 4174 ,·
1133 4072 1255 4152 usuras
1276 4076 1444 4150 Domino

1257 4196 1394 4270 praepa·

1478 1929 1484 2018 i
