3417 4692
545 304 1072 502 sunnonem
1285 313 1462 472 46ss·

293 541 419 616 vultus
445 538 521 634 ejvs
540 535 605 613 filii
626 535 751 630 lsrael,
777 557 854 612 non
874 550 1024 631 poterat
1039 533 1229 612 intendere
1243 558 1362 634 popu·

292 643 349 715 lus
375 645 585 735 synagogae.
644 638 777 730 Siquis
796 651 917 736 autem
943 636 1289 730 conversationem,
1324 639 1361 714 &
1424 657 1427 661 ·

292 742 407 812 vitam
433 738 554 835 potest
580 738 713 811 habere
742 738 1019 811 eminentiorem
1044 758 1149 829 quam
1181 740 1361 831 reliquum

292 842 444 936 vulgos,
471 837 534 913 iste
555 836 675 932 potest
698 837 830 909 intueri
851 837 1002 933 gloriam
1022 837 1146 910 vultus
1167 840 1255 930 ejus.
1310 839 1362 911 Et

290 963 377 1010 uum
396 964 507 1026 mam,
532 937 623 1012 ficut
640 936 730 1010 dixit
751 934 973 1028 Apostolus,
1007 937 1150 1008 velamen
1169 938 1208 1034 ιβ
1225 938 1361 1035 poſsum

291 1049 333 1128 inl
347 1039 479 1111 sessione
498 1041 616 1110 ueteris
639 1030 858 1133 ‘Teflamentis
884 1035 918 1109 &
937 1056 1035 1110 nunc
1052 1033 1204 1129 Moyses
1223 1035 1358 1133 glorifi-

291 1154 378 1212 cato
402 1140 509 1211 vultu
526 1136 710 1229 loquitur,
736 1133 794 1209 sed
821 1137 993 1232 gloriam,
1020 1157 1098 1230 quae
1120 1135 1228 1210 estin
1249 1140 1359 1212 vultu

291 1240 369 1329 ejus
393 1260 470 1312 non
496 1235 677 1331 possumus
697 1236 840 1310 intueri.
891 1235 1032 1310 Idcirco
1048 1249 1256 1310 autemnon
1278 1235 1359 1333 pos·

290 1335 435 1430 sumus,
468 1337 550 1429 quia
575 1336 691 1408 adhuc
714 1336 872 1430 populus
897 1332 1039 1429 sumus,
1072 1336 1214 1410 &nihil
1231 1335 1357 1431 studii;

255 1452 257 1456 ’
290 1437 379 1511 nihil
392 1438 529 1527 meriti,
556 1436 743 1529 piusquam
757 1436 894 1526 reliqua
908 1436 1031 1530 plebs,
1058 1435 1240 1512 habemus.
1282 1437 1359 1511 Ve-

289 1556 369 1626 rum
390 1539 472 1628 quia
490 1537 577 1609 dicit
593 1532 728 1609 saniius
745 1533 966 1627 Apostolus:
994 1538 1252 1628 lausanensem
1267 1537 1358 1609 veia-

289 1661 361 1707 men
376 1633 561 1707 insessione
577 1640 697 1707 veteris
718 1627 910 1731 sijiammn'
922 1650 1043 1724 manet,
1071 1651 1271 1728 amputaret
1289 1657 1356 1709 no·

288 1737 343 1809 bis
367 1757 511 1809 omnem
531 1734 775 1831 intelligentiae
796 1730 892 1826 spem
915 1735 1005 1818 tanti
1026 1735 1060 1807 δι
1083 1735 1356 1829 talisApostoli

270 1830 273 1837 ’
287 1839 431 1930 prolata
447 1832 643 1928 sententia,
668 1834 730 1906 nisi
746 1832 952 1907 addidisset:
980 1838 1060 1906 Can
1071 1854 1179 1907 autem
1191 1842 1265 1920 qais
1281 1860 1357 1907 con·

289 1938 404 2027 versvs·
411 1934 572 2030 fuerit-ad
585 1937 756 2005 &minum
766 1934 933 2025 auferetur
943 1935 1097 2010 velamen.
1148 1935 1260 2031 Igitur
1273 1956 1359 2008 cau·

287 2033 358 2111 sam
373 2033 557 2109 auferendi
576 2032 783 2126 velaminis,
810 2034 1088 2109 conversionem
1107 2033 1263 2108 nostram
1283 2034 1356 2110 esse

287 2135 377 2209 dicit
398 2136 442 2209 ad
465 2134 673 2210 Dominum.
734 2132 791 2204 Ex
813 2153 887 2225 quo
915 2134 1117 2230 colligenda
1144 2133 1225 2207 sunt
1244 2137 1355 2210 nobis

287 2234 437 2323 indicia,
464 2232 562 2325 quod
588 2233 708 2306 donec
726 2232 888 2327 legentes
907 2231 1095 2325 scripturas
1112 2234 1250 2307 divinas
1264 2236 1355 2309 latet

288 2352 359 2410 nos
374 2332 602 2424 intellestus,
629 2331 749 2408 donec
770 2329 922 2406 obscura
940 2329 1020 2405 sunt
1037 2335 1143 2405 nobis
1164 2334 1197 2406 &
1220 2333 1357 2428 clausa,
1387 2403 1392 2414 „

268 2496 271 2502 .
290 2453 369 2524 quae
387 2427 518 2524 scripta
536 2429 637 2524 sunt,
663 2431 825 2505 nondum
839 2427 1005 2505 converss
1023 2434 1066 2504 ad
1085 2434 1283 2506 Dominum
1301 2430 1355 2506 su-

288 2549 380 2607 mus.
438 2531 474 2608 si
499 2531 594 2603 enim
615 2531 782 2604 conversi
798 2528 948 2603 essemus
969 2529 1012 2603 ad
1028 2531 1253 2627 Dominum,
1279 2534 1355 2606 fine
1467 2553 1471 2558 ·

290 2629 405 2705 dubio
431 2628 632 2704 auserretur
654 2632 833 2706 velamen.
938 2661 941 2666 ·
1395 2691 1398 2695 .

368 2751 401 2804 a.
427 2728 546 2802 Sed&
565 2729 637 2803 hoc
655 2729 765 2821 ipsum
782 2729 951 2803 converti
967 2729 1010 2804 ad
1027 2729 1226 2803 Dominum
1246 2733 1354 2822 quase

292 2829 356 2921 fit,
374 2828 571 2903 videamus.
621 2825 671 2900 Et
684 2843 724 2904 ut
740 2829 944 2903 evidentius
962 2829 1050 2903 scire
1064 2830 1251 2924 possmus,
1267 2831 1355 2921 quid

292 2928 336 3004 fit
349 2926 568 3021 conversus,
582 2927 769 3002 dicendum
779 2931 886 3003 nobis
901 2932 1000 3024 prius
1015 2929 1078 3020 est,
1094 2930 1179 3020 quid
1190 2930 1232 3004 fit
1248 2951 1354 3004 aver-

292 3026 361 3104 sus.
413 3025 541 3102 Omnis
564 3026 624 3118 qui
653 3048 734 3100 cum
758 3029 956 3102 recitantur
976 3029 1088 3104 verba
1107 3029 1226 3125 legis,
1252 3051 1353 3105 com·

289 3126 457 3204 munibus
476 3126 604 3200 fabulis
622 3143 843 3224 occupatur,
870 3131 1013 3206 aversus
1030 3129 1092 3205 est.
1146 3129 1274 3202 Omnis
1291 3131 1353 3221 qui

292 3247 374 3302 cum
394 3227 523 3322 legitur
540 3224 711 3319 Moyses,
730 3225 775 3301 de
790 3227 946 3323 negotiis
964 3226 1099 3321 seculi,
1126 3229 1171 3302 de
1184 3232 1352 3326 pecunia,

291 3328 338 3401 de
365 3326 474 3400 lucris
494 3324 768 3400 sollicitudinem
793 3328 909 3420 gerit,
942 3327 1085 3402 aversus
1109 3325 1170 3403 est.
1224 3328 1375 3406 Omnis*

280 3426 355 3518 .qui
372 3423 622 3521 possessionum
642 3425 736 3499 curis
752 3424 954 3522 stringitur,
980 3427 1013 3500 &
1034 3427 1236 3501 divitiarum
1254 3433 1353 3523 cupi·

293 3526 407 3601 ditate
418 3524 644 3612 distenditur,
658 3526 719 3618 qui
752 3525 996 3618 loriaesaeculi,
1017 3530 1187 3601 &mundi
1201 3530 1352 3603 honori-

291 3627 360 3702 bus
376 3623 515 3719 studet,
540 3623 684 3700 aversus
702 3547 763 3700 effi.
810 3625 928 3697 Sed&
945 3627 1005 3717 qui
1021 3627 1064 3698 ab
1076 3628 1128 3698 his
1143 3628 1283 3717 quidem
1298 3630 1352 3702 vi-

291 3723 399 3800 detur
408 3728 557 3819 alienus,
565 3726 680 3801 affistit
688 3726 851 3800 autem&
866 3724 964 3798 audit
972 3727 1351 3820 verbaiegis,&vultu
1438 3741 1443 3751 ‘

292 3838 401 3917 etque
415 3828 530 3900 oculis
546 3828 730 3918 intentus,
756 3823 869 3900 corde
882 3837 1001 3898 tamen
1019 3825 1351 3921 &cogitationibus

292 3939 493 4022 evagatur,
527 3925 670 4000 aversus
691 3924 753 4004 est.
804 3925 903 4023 Quid
916 3945 1003 4022 ergo
1019 3925 1070 3999 est
1089 3925 1286 3998 converti?
1311 3928 1349 4003 si

291 4024 346 4107 his
382 4027 548 4101 omnibus
582 4040 685 4123 terga
717 4037 923 4117 vertamus,
959 4024 1164 4122 &studio,
1193 4024 1349 4123 astibus,

294 4114 296 4118 ’
343 4128 489 4222 origenis
518 4128 609 4207 Ten.
640 4127 686 4216 V,
899 4121 971 4225 ὓς
1205 4148 1305 4203 men·
1406 4202 1408 4205 ,
1457 4121 1462 4130 “
