3417 4692
591 365 1074 456 INEXODUM.
1278 390 1353 464 415·
1465 420 1467 425 ·

239 597 247 610 .
366 535 402 609 6.
427 532 596 626 Denique
615 532 663 608 stc
684 531 852 627 scripturn
872 530 951 619 est,
986 528 1086 623 quod
1099 529 1170 623 'qui
1191 526 1356 604 infideles

291 634 463 726 fuerunt,
484 637 723 724 jeroaverunr,
756 635 893 726 inquit,
926 632 971 703 de
993 652 1141 724 manna,
1168 633 1208 708 O*
1231 634 1356 701 abasse·

291 755 372 808 runt
389 760 428 805 ex
444 761 475 806 eo
488 759 626 821 vermes,
653 734 904 831 &computruit
931 730 1022 804 Illud
1037 747 1154 804 autem
1171 731 1354 823 quodpto

292 836 350 908 die
368 832 789 927 sabbati-reponebatur,
814 854 890 906 non
910 829 961 903 est
976 845 1209 924 corruptum,
1235 852 1355 923 neque

292 953 435 1007 vermes
457 934 672 1008 ebullierunt
699 935 736 1007 in
761 940 833 1023 eo,
868 930 926 1003 sed
950 930 1139 1023 permansit
1163 932 1353 1027 integrum.

292 1033 343 1107 Et
357 1050 399 1106 tu
414 1053 501 1130 ergo
517 1031 541 1107 fi
557 1051 708 1130 propter
723 1031 932 1127 presentem
948 1031 1059 1102 vitam
1077 1031 1352 1125 tantummodO,

293 1133 492 1226 &propter
507 1152 664 1206 amorem
682 1133 795 1207 saeculi
813 1129 1047 1219 thesaurizes,
1076 1130 1253 1202 continuo
1271 1149 1353 1203 ver·

289 1254 365 1307 mes
380 1233 571 1307 ebulliunt.
624 1234 825 1331 Quomodo
841 1250 991 1303 vermes
1015 1229 1219 1304 ebulliunt?
1252 1227 1363 1304 Audi·

291 1331 337 1405 de
352 1334 624 1425 peccatoribus,
650 1331 737 1405 &iis
756 1333 813 1422 qui
830 1328 981 1425 presens
998 1330 1160 1401 saeculum
1177 1328 1351 1426 diligunt,

289 1452 367 1524 quae
380 1432 423 1504 sit
438 1435 624 1525 prophete
639 1429 835 1505 sententia:
868 1434 1113 1515 Verminam,
1136 1428 1276 1523 inquit,
1301 1456 1352 1502 ea.

289 1557 359 1603 ruta
379 1557 445 1601 non
463 1540 639 1621 morietur,
664 1532 702 1607 θ
718 1536 801 1625 ignis
817 1555 920 1600 eorum
943 1553 1008 1600 non
1025 1534 1236 1619 extinguetur.
1288 1530 1352 1605 Isti

288 1630 369 1703 sunt
384 1627 547 1723 vermes,
574 1652 665 1722 quos
681 1644 827 1728 generat
841 1628 1011 1721 avaritia,
1033 1629 1087 1702 isti
1100 1626 1180 1700 sunt
1193 1649 1352 1726 vermes,
1373 1631 1381 1646 ‘

290 1731 751 1825 quos-generatdivitiarum
768 1750 860 1802 caeca
875 1728 1050 1825 cupiditas
1063 1730 1127 1820 iis,
1146 1731 1352 1818 quihabent

287 1831 491 1922 pecunias,
530 1830 564 1901 ἃ
592 1830 758 1902 videntes
786 1830 823 1902 in
849 1826 1053 1902 necessitate
1080 1827 1209 1904 fratres
1239 1828 1350 1926 suos,

290 1928 461 2000 claudunt
478 1932 521 2000 ab
539 1930 588 2001 eis
607 1929 743 2002 viscera
761 1923 830 2024 sua.
882 1927 1079 2021 Propterea
1099 1928 1350 2024 &Apostolus

288 2027 393 2100 dicit:
422 2030 594 2099 Divitibus
607 2049 710 2099 cutem
723 2029 819 2125 hujus
832 2028 939 2118 saecusi
954 2033 1083 2125 precipe
1093 2030 1224 2128 strpere,
1250 2054 1350 2131 nequa

274 2208 277 2213 ,
284 2131 408 2221 sperare
427 2134 464 2198 in
485 2132 602 2200 incerto
620 2132 839 2216 divitiarum,
850 2129 907 2217 sed
926 2131 1043 2210 divites
1052 2133 1123 2223 βυτ
1141 2137 1179 2200 in
1206 2136 1349 2227 operibus

290 2231 398 2312 banis,
418 2229 517 2320 focile
534 2230 704 2314 tribuant,
729 2234 981 2315 communicent,
1007 2229 1045 2304 (Ἰ
1063 2230 1351 2329 thesrrurizenrfibi

242 2403 246 2413 ,
288 2351 398 2398 veram
412 2335 526 2399 virum.
551 2329 620 2402 Sed
638 2330 724 2401 dicit
741 2328 885 2419 aliquia:
907 2328 946 2399 Si
964 2347 1092 2400 manna
1110 2332 1260 2403 verbum
1277 2331 1351 2424 Dei

287 2424 480 2520 esse-dicis,
507 2429 692 2517 quomodo
710 2448 850 2522 vermes
866 2426 979 2499 facit?
1006 2429 1089 2501 Nec
1104 2431 1243 2502 aliunde
1256 2429 1350 2506 fiunt

288 2546 429 2600 vermes
449 2528 485 2599 in
502 2527 633 2618 nobis,
661 2525 722 2598 nist
743 2545 787 2599 ex
805 2527 922 2597 verbo
939 2524 1020 2599 Dei.
1072 2526 1129 2600 Sic
1148 2529 1240 2601 enim
1260 2531 1351 2606 dicit
1435 2597 1440 2616 ,

288 2625 379 2718 ipse:
405 2628 479 2717 Nifi
495 2624 659 2717 vaniffem
685 2626 724 2701 (5
738 2629 941 2723 loquutuser‘s
949 2624 1087 2717 suffen,
1110 2643 1268 2721 peccatum
1281 2653 1349 2703 nm

287 2724 448 2796 haberent.
475 2724 559 2797 Post
571 2723 768 2817 susceptum
782 2741 870 2819 ergo
884 2726 1034 2814 verbum
1052 2725 1159 2800 Deist
1174 2728 1250 2819 quis
1263 2745 1349 2821 pecs

290 2837 381 2915 cat,
422 2822 573 2897 efficitur
597 2826 629 2897 ei
657 2823 767 2920 ipsum
794 2825 945 2897 verbum
971 2825 1136 2918 vermis,
1175 2828 1237 2918 qui
1269 2828 1347 2921 ejut

287 2921 424 3094 sendrper
450 2922 703 2999 conscientiam
727 2923 862 3016 fodiat,
896 2922 1073 2997 &arcana
1091 2924 1247 3018 penoris
1271 2928 1348 3021 ejus

285 3042 328 3096 10
357 3038 403 3097 at.
1079 3059 1082 3064 ·
1295 3039 1301 3050 ‘

360 3144 394 3215 7.
421 3120 490 3195 Sed
513 3122 597 3214 quid
609 3145 677 3197 nos
696 3124 811 3198 adhuc
830 3121 978 3215 amplius
996 3122 1107 3196 docet
1121 3121 1237 3198 sermo
1252 3124 1347 3201 divi·

282 3221 375 3296 nus?
403 3224 451 3295 Et
468 3221 695 3319 advefirarm,
722 3226 858 3315 iuquit,
878 3224 1007 3316 scietis,
1027 3227 1346 3322 quiuergosumDo·

283 3328 414 3402 minut,
439 3343 648 3396 maritantem
662 3328 813 3396 videbitis
827 3324 1011 3421 majestatem
1032 3327 1178 3406 Domini.
1228 3323 1278 3400 Et
1297 3329 1345 3405 de

282 3422 357 3497 hoc
382 3426 493 3498 velim
521 3425 608 3498 mihi
632 3424 743 3519 Judaei
773 3420 1054 3520 responderent,
1086 3425 1273 3515 quomodo
1298 3429 1344 3505 ad

283 3521 465 3613 vesperam
484 3521 687 3620 agnoscitur
701 3524 908 3616 Dominus,
938 3545 1042 3599 mane
1059 3539 1177 3600 antem
1196 3528 1343 3602 videtur

280 3620 440 3715 majestas
457 3624 543 3715 ejus.
570 3624 643 3697 Ubi
657 3623 835 3695 Dominus
853 3627 991 3719 agnitus
1009 3623 1061 3699 est
1077 3625 1121 3697 ad
1138 3624 1342 3725 vesperam,

283 3720 317 3793 &
335 3722 411 3813 ejus
424 3720 583 3814 majestas
601 3719 674 3795 visa
689 3721 739 3795 est
753 3722 881 3794 mane?
913 3722 1263 3817 Respondetenobis
1281 3730 1342 3819 qui

282 3822 469 3895 erudimini
486 3823 530 3895 ab
547 3820 695 3896 infantia
709 3819 816 3912 usque
832 3822 874 3893 ad
894 3823 1106 3897 senectutem
1122 3821 1260 3915 semper
1277 3829 1342 3901 dis·
1425 3901 1428 3914 ,
1458 3841 1468 3865 ¹

281 3935 427 4012 centes,
451 3922 678 4016 &nunquam
697 3923 739 3994 ad
755 3922 933 3995 scientiam
951 3928 1111 3996 veritatis
1127 3929 1343 4018 pervenien-

280 4032 355 4095 tes:
380 4023 505 4123 Quare
520 4042 597 4097 non
610 4024 806 4121 intelligitis
828 4022 904 4097 het
919 4026 1132 4119 prophetice
1148 4024 1243 4100 dicis
1268 4026 1340 4103 sets
