3417 4692
1256 301 1478 404 ἒχ

410 425 477 504 ΙΝ
501 424 783 505 GENESIM
806 423 1091 507 HOMILIA
1115 425 1198 510 vlo
1276 429 1359 506 21¹²

286 589 387 684 quod
399 578 596 698 Apostolus
613 590 700 666 dicit
715 589 784 666 effe
796 589 1023 688 mysterium,
1044 595 1262 687 Qeiecxeires
1274 615 1347 664 cen·

285 699 360 786 tigit
381 700 574 786 expertein
595 691 705 781 Israel,
731 697 823 763 donec
834 689 1001 788 plenitudo
1016 699 1159 785 gentium
1178 699 1347 788 introiret,

286 793 326 868 (5
346 811 423 862 rnen
437 795 539 861 omnis
561 793 656 879 isreel
669 794 779 881 salvus
789 794 899 883 fieret.
950 790 1017 864 Ista
1033 789 1084 864 est
1096 811 1184 888 ergo
1201 791 1346 866 coecitas

286 889 325 964 in
346 892 467 987 Agar,
495 911 571 981 quae
585 889 774 966 secundum
790 911 931 964 carnem
948 892 1090 988 genuit,
1118 913 1195 984 quae
1209 891 1346 966 tamdiu

284 989 383 1064 inea
402 1003 608 1086 permanet,
634 991 753 1065 donec
774 994 937 1064 velamen
954 993 1066 1064 literae
1084 987 1277 1064 auferatur
1279 1009 1349 1085 per-

289 1087 525 1206 Evangelium
547 1090 650 1186 Dei,
688 1091 874 1163 &videat
901 1111 1025 1182 equam
1046 1093 1181 1165 vivam.
1233 1089 1347 1163 Nunc

285 1193 381 1262 enim
395 1192 519 1282 jacent
536 1190 644 1283 Judaei
660 1193 754 1263 circa
771 1189 881 1284 ipsum
896 1204 1068 1283 puteum,
1094 1188 1153 1263 sed
1168 1191 1265 1261 oculi
1280 1209 1344 1262 eo·

279 1308 363 1384 ¹rum
380 1289 590 1362 clauiisunt:
619 1290 749 1363 &non
760 1289 904 1383 possunt
916 1290 1042 1364 bibere
1055 1290 1100 1363 de
1121 1303 1235 1387 puteo
1251 1288 1342 1384 legis
1416 1353 1419 1358 .

286 1389 597 1481 &prophetarum
622 1391 693 1462 Sed
708 1390 743 1463 de
757 1411 825 1463 nos
846 1399 1056 1483 caveamus,
1083 1390 1346 1482 quiefreqoen·

286 1489 484 1560 terdenos
505 1491 597 1562 circa
619 1503 766 1582 puteum
783 1490 941 1583 jacemus
961 1510 1060 1580 aquae
1077 1489 1195 1582 vivo,
1219 1489 1258 1560 i'd
1272 1485 1347 1583 est,

287 1589 384 1659 eirca
400 1584 521 1683 script
511 1609 587 1661 uras
610 1590 770 1682 divinas,
797 1588 834 1661 de
852 1609 1006 1662 erramus
1024 1591 1061 1661 in
1080 1588 1201 1681 ipfis
1208 1539 1360 1661 Tene<

284 1707 363 1762 mus
385 1688 497 1760 libros
516 1687 740 1785 delegimus,
766 1686 826 1762 sed
845 1687 1033 1782 spiritalem
1046 1684 1182 1764 sensum
1194 1706 1271 1759 non
1293 1699 1345 1759 ot·

283 1788 465 1882 tingimus.
515 1783 565 1858 Et
585 1790 670 1861 ideo
689 1809 781 1882 opus
803 1786 1036 1880 estlacrymis
1055 1787 1091 1858 de
1115 1773 1361 1860 orationibus

283 1886 560 1958 indesinentibus
574 1887 778 1982 postulare,
804 1901 847 1962 ut
861 1886 1042 1961 Dominus
1056 1890 1191 1979 operiat
1211 1887 1360 1960 oeulos'

284 1985 448 2059 nostros:
482 1987 564 2076 quia
580 1989 614 2059 δι
633 1989 682 2058 illi
703 1989 807 2077 ceci,
840 1989 900 2079 qui
928 1987 1126 2060 sedebant
1116 2007 1153 2059 m
1159 1979 1346 2088 Je'rieho',

238 2097 240 2102 ’
282 2086 346 2158 nis1
363 2084 565 2158 clamassent
578 2086 620 2158 ad
633 2087 848 2180 Dominum
874 2109 950 2160 non
962 2085 1104 2165 fument
1117 2087 1231 2179 apertr
1228 2077 1360 2158 oculr'

284 2204 424 2261 eorum
485 2181 535 2256 Et
558 2185 644 2277 quid
668 2187 751 2259 dico
779 2200 821 2257 ut
844 2186 1047 2279 operientur
1078 2186 1176 2258 oculi
1201 2182 1344 2259 nostrii

285 2282 451 2375 quiajam
471 2287 586 2376 aperti
605 2285 693 2359 sunt.
743 2285 842 2382 Jesus
861 2290 955 2360 enim
976 2288 1076 2357 venit
1093 2285 1232 2379 aperire
1255 2293 1363 2386 ocni,
1382 2311 1388 2317 ·

282 2384 342 2456 los
364 2403 552 2459 caecornm.
602 2384 733 2477 Aperti
750 2405 837 2480 ergo
853 2383 939 2458 sunt
955 2385 1054 2457 oculi
1072 2384 1212 2477 nostri,
1238 2383 1350 2460 &de
1438 2469 1441 2474 ,

284 2483 391 2556 litera
408 2484 495 2578 legis
511 2484 676 2558 velamen
692 2486 847 2557 ablatum
862 2481 921 2558 est
949 2484 1019 2556 Sed
1035 2502 1189 2577 vereor,
1213 2501 1345 2557 nenos
1463 2573 1465 2584 Ι

237 2617 240 2640 ·
283 2582 348 2675 ipsr
366 2603 430 2655 eos
449 2579 604 2655 somno'
594 2597 724 2655 iterum
745 2583 986 2673 profundiore
1005 2583 1230 2674 claudamus,
1258 2583 1345 2656 dum

282 2701 362 2755 non
389 2683 605 2777 vigilamus
596 2704 633 2753 m
656 2679 840 2754 intelleiiu
858 2681 1026 2776 spiritali,
1059 2702 1178 2773 neque
1200 2677 1346 2753 solliciti
1436 2689 1456 2766 j,

282 2782 422 2871 sumus,
448 2794 489 2851 ut
504 2781 666 2856 somnum
687 2779 911 2854 discutiamus
931 2783 975 2854 eb
994 2782 1108 2853 oculis
1128 2778 1281 2875 nostris,
1308 2778 1369 2872 ὄις
1466 2783 1474 2801 '

284 2882 593 2972 contemplemur,
608 2901 696 2972 quoe
711 2877 975 2973 spiritaliasunt‚
990 2881 1102 2953 utine
1115 2881 1346 2974 compopulo
1457 2871 1465 2884 “

286 2981 419 3054 carnali
437 2982 531 3051 circa
544 2980 652 3072 ipsam
662 2993 785 3071 aquam
803 2981 1099 3075 positionem,
1119 2979 1346 3075 quinpotiue

283 3078 499 3190 vigilemus,
525 3076 560 3150 de
587 3099 668 3152 cum
692 3081 871 3175 propheta
894 3080 1075 3153 dicamus:
1108 3085 1148 3152 Se·
1167 3084 1272 3152 dedero
1293 3079 1346 3170 so·
1387 3149 1390 3153 ,

284 3185 394 3251 omem
407 3181 502 3249 oculis
521 3177 618 3267 meis,
643 3177 857 3275 &palpebris
877 3186 954 3251 meis
973 3182 1259 3267 dominationem,
1283 3191 1345 3251 aui

285 3285 424 3378 requiem
436 3281 623 3374 temporibus
638 3286 727 3371 meir,
742 3282 860 3353 donec
848 3305 1015 3351 enoemam
1023 3276 1120 3353 iocum
1129 3281 1278 3367 Deminn'
1293 3295 1346 3350 ra·
1365 3285 1371 3294 '

237 3397 240 3442 ε
285 3379 488 3456 dommulum
506 3383 574 3453 Deo
591 3380 703 3477 Jacob.
755 3378 823 3478 lpfi
842 3382 958 3479 gloria
976 3378 1245 3476 &imperium
1231 3381 1270 3455 in
1285 3375 1346 3453 soe·

284 3482 367 3560 cula
381 3477 589 3560 saeculomm
610 3477 741 3556 Amen.
