3417 4692
313 323 390 472 ass
599 366 1077 466 porrorum.

317 535 430 626 stolus
442 532 570 609 Paulus
588 531 636 608 'de
651 533 888 629 intelligentia
899 525 1118 615 tabernaculi
1133 528 1301 622 quaedam
1320 531 1399 612 nos'

317 637 374 712 bis
391 636 514 730 prodit
527 632 679 708 scientiae
692 633 894 727 excelsioris
909 632 1057 725 indicia,
1084 631 1144 706 sed
1156 628 1285 703 nescio
1309 651 1385 722 quo

317 734 423 832 padio
438 732 663 830 fragilitatem
679 732 830 808 fortaliit
845 733 988 806 intuens
1004 731 1227 821 auditorum,
1245 729 1386 804 claudit

318 836 588 938 quodammodo
605 831 677 927 ipsa
688 853 765 925 quae
780 831 914 924 pandit.
965 832 1064 904 Dicit
1075 850 1228 920 namque
1247 828 1297 902 ad
1311 829 1394 904 He·'

318 934 436 1008 braeos
453 934 627 1007 scribens:
658 930 908 1010 sabernaculum
926 938 1010 1004 enim
1024 930 1151 1026 fufium
1168 931 1385 1025 estprimum,

238 1062 242 1068 ·
319 1043 358 1106 in
402 1057 441 1103 rte
459 1052 531 1112 erat
551 1034 791 1125 ¹candelabrum,
816 1030 855 1110 U
880 1035 983 1122 mensa
1001 1031 1039 1110 dt
1054 1029 1217 1129 prepofitie
1230 1050 1383 1123 parrum,

319 1059 401 1232 quod
415 1133 574 1208 dicebatur
588 1132 703 1223 fienda
719 1132 912 1223 sanderum.
942 1133 1007 1230 Pofl
1017 1134 1183 1220 secundum
1201 1147 1314 1200 aurem
1328 1154 1387 1200 va·

317 1235 441 1320 lamen,
463 1233 914 1330 tabernaculumquoddicirur
923 1228 1087 1322 drusium,
1112 1232 1385 1301 hademutam

318 1334 577 1429 ostendamini,
604 1343 642 1410 (5
656 1358 760 1406 arcam
779 1333 976 1432 testamenti,
1003 1339 1041 1408 (5
1055 1339 1147 1402 intra
1162 1331 1395 1400 cumomni

321 1436 426 1518 bulas,
452 1436 489 1509 θ
502 1457 633 1520 manna,
659 1432 699 1510 di
712 1441 836 1526 virgam
845 1435 975 1522 Aaron,
998 1458 1065 1531 qua
1075 1431 1285 1523 fronduerat.
1311 1427 1386 1504 Sed

319 1535 362 1608 iis
378 1530 537 1626 addidit,
573 1538 625 1604 De
643 1534 753 1630 quibus
768 1557 832 1606 non
846 1535 885 1630 est
900 1536 982 1605 modo
1001 1533 1158 1614 dicendum
1175 1528 1397 1627 perfingula·

322 1630 436 1726 Quod
449 1633 617 1727 argunt,
635 1634 788 1732 dequibus
804 1655 870 1704 non
883 1634 921 1730 ‘fl
933 1633 1205 1720 mododr'cendum,
1232 1627 1383 1717 quidam

321 1732 365 1811 ad
384 1731 473 1804 illud
495 1746 634 1826 tempus
656 1732 819 1807 referunt
834 1746 909 1824 quo
923 1731 1083 1808 Hebtaeis
1101 1724 1280 1824 scribebat
1306 1728 1383 1822 epi÷

320 1828 457 1906 stolam.
512 1832 601 1904 Aliis
620 1852 714 1905 uero
734 1833 901 1923 videtur,
927 1831 1111 1927 quodpro
1128 1826 1384 1926 mysteriorum

321 1930 562 2024 magnitudine
579 1952 687 2005 omne
706 1944 846 2025 tempus
865 1929 1043 2026 praesentis
1059 1932 1144 2004 vitae
1161 1929 1205 2001 ad
1224 1925 1305 1999 haec
1319 1949 1383 1999 ex·

320 2018 497 2122 plananda
511 2020 680 2104 moneam
697 2045 816 2126 neget.
867 2031 1005 2103 Verum
1025 2049 1102 2104 non
1121 2046 1380 2119 usquequaque

233 2149 237 2159 ’
321 2126 437 2201 tristes
448 2149 515 2201 nos
532 2127 928 2221 relinquitApostolus,
954 2127 1035 2222 sed,
1059 2144 1101 2202 ut
1115 2128 1176 2200 fibi
1189 2125 1301 2202 moris
1314 2123 1378 2220 est,

323 2243 438 2318 aperit
459 2248 570 2318 pauca
587 2232 632 2299 de
649 2229 793 2301 multis:
820 2245 861 2299 ut
876 2229 1031 2301 clausum
1049 2230 1092 2303 sit
1106 2228 1247 2319 quidem
1264 2225 1379 2322 negli-

322 2327 507 2420 gentibus,
531 2327 737 2420 inveniatur
748 2343 870 2401 autem
886 2349 906 2399 a
922 2324 1157 2422 pulsantibus,
1173 2326 1206 2399 u
1220 2345 1379 2419 quaeren·

321 2426 416 2495 tibus
434 2424 621 2516 aperiatur.
655 2424 801 2518 Repetit
817 2442 904 2523 etgo
914 2425 1049 2501 rursum
1066 2425 1378 2516 detabernaculo,

322 2522 357 2595 dt
377 2524 481 2596 dicit:
509 2530 585 2597 Nar
606 2537 690 2595 enim
708 2537 743 2597 in
754 2525 871 2615 suardio
883 2552 978 2614 manu
989 2524 1084 2620 saida
1098 2529 1244 2621 iugreffirs
1260 2528 1300 2624 est
1318 2527 1377 2620 Je-

318 2622 373 2713 [ω
387 2627 574 2719 exemplario
591 2651 758 2717 verarum,
779 2627 885 2715 sedin
905 2628 1001 2723 ipsum
1019 2629 1142 2715 caelum,
1169 2642 1206 2696 ut
1222 2638 1377 2724 appareat

322 2747 411 2801 nunc
432 2727 544 2793 uultui
570 2729 633 2796 Dei
654 2746 711 2821 per
734 2729 904 2802 velamen,
944 2728 976 2797 id
993 2727 1033 2822 esi
1053 2747 1111 2822 per
1133 2745 1257 2798 tarnem
1272 2730 1377 2816 fiuant·

324 2824 398 2921 Qui
431 2845 516 2918 ergo
542 2826 706 2899 velamen
738 2825 921 2897 interioris
954 2827 1195 2916 tabernaculi,
1232 2846 1378 2900 carnem

323 2913 453 2994 christi
471 2924 726 3015 interpretatus
741 2923 812 3016 est,
832 2923 945 2997 sanila
963 2939 1079 2998 autem
1098 2926 1208 3019 ipsum
1225 2927 1377 3017 coelurlt,

323 3024 386 3092 vel
404 3024 535 3113 coelos,
553 3021 748 3096 Dominum
763 3043 853 3097 vero
870 3021 1043 3097 Christum
1054 3023 1267 3117 pontificem
1280 3045 1377 3100 eum·

324 3141 394 3211 que
415 3122 502 3193 dicit
523 3121 695 3196 introiisse
707 3124 801 3211 semel
822 3129 859 3192 in
869 3120 1002 3211 fitadio,
1028 3142 1147 3196 aterna
1169 3129 1378 3219 redemptione

324 3217 480 3304 inventa,
507 3242 550 3292 ex
565 3222 617 3292 his
635 3224 754 3312 paucis
772 3222 1012 3315 sermonibus,
1037 3222 1062 3297 fi
1078 3224 1154 3315 quis
1172 3224 1377 3322 intelligere

322 3319 432 3394 novit
443 3316 708 3412 Paulisensum‚
723 3321 843 3414 potest
854 3322 1061 3405 advertere,
1080 3338 1250 3413 quantum
1266 3326 1376 3400 nobis

321 3409 563 3512 intelligentiae
575 3421 718 3515 pelagus
737 3417 957 3515 patefecerit.
1010 3421 1078 3495 Sed
1091 3421 1241 3515 quiritis
1257 3438 1378 3502 amant

321 3515 461 3610 literam
484 3518 570 3612 legis
595 3515 735 3611 Moysi,
769 3518 924 3612 spiritum
951 3534 1044 3594 vero
1072 3522 1147 3614 ejus
1170 3522 1376 3621 refugiunt,

322 3612 514 3707 suspectum
527 3616 661 3690 babent
680 3619 879 3710 apostolum
894 3619 1040 3696 Paulum
1053 3620 1390 3715 interpretationes·

323 3715 572 3809 hujuscemodi
589 3716 845 3809 proferentem.
973 3782 1016 3806 „
1141 3761 1144 3766 >

346 3815 348 3822 '
400 3836 432 3889 a.
456 3815 649 3889 Videamus
666 3835 752 3913 ergo
775 3818 799 3890 sr
823 3838 900 3892 non
923 3820 1029 3894 etiarn
1049 3831 1216 3896 veterum
1239 3814 1388 3897 sandio-

322 3931 400 3985 rum
416 3916 521 4005 aliqui
537 3915 744 4010 opinionem
764 3919 983 3998 tabernaculi
1001 3920 1109 4015 longe
1124 3921 1244 4013 aliam,
1270 3942 1378 4012 quarn
1400 3923 1413 3946 '

322 4010 377 4088 isti
389 4034 484 4091 nunc
499 4013 716 4113 existimant,
733 4015 901 4093 habuere.
927 4018 1049 4096 David
1061 4021 1389 4193 nfflqgeexliffiitu.

498 4133 503 4150 ·’
1191 4137 1260 4216 rop
1287 4142 1322 4196 e·
