3417 4692
282 457 284 466 ·
371 448 446 528 ma
695 423 1111 520 onrouurs

414 590 606 665 irrumare.
644 577 789 666 'Melius
810 605 930 665 autem
948 589 1135 688 &dignius
1154 588 1231 664 hnc
1253 586 1383 683 dicer,
1410 585 1439 664 n

362 613 535 765 §bueria
559 702 767 783 tympanum
787 691 824 764 in
845 707 1052 782 manurua,
1085 687 1213 784 idest,
1233 688 1259 761 fi
1285 706 1435 763 emnem

366 803 466 864 tuam
485 785 705 862 crucifixeris
724 809 804 864 cum
825 792 923 865 vitiis
945 787 1324 883 inconcupiscentia,
1351 787 1386 860 ἃ
1407 789 1446 863 fi·

365 884 627 964 notificaveris
649 890 806 963 membra
828 903 918 982 tur,
955 909 1034 984 qum
1055 888 1136 966 ssint
1159 886 1260 983 super
1284 899 1433 966 terram.

367 983 419 1062 Et
429 1000 549 1062 tamen
563 987 766 1081 videamur,
786 989 871 1082 quid
886 989 995 1064 dicite
1023 993 1192 1062 Cantemus
1204 992 1357 1076 Domino,
1369 990 1439 1081 glo·

365 1087 445 1175 riusa
460 1094 545 1158 enin
561 1089 787 1178 honorificatus
809 1089 868 1182 est,
889 1090 988 1184 ,qursr
1012 1111 1089 1164 non
1111 1087 1306 1164 sufficeret:
1332 1088 1438 1160 mna·

367 1189 514 1281 rificms
531 1187 588 1284 ιβ,
614 1185 672 1260 sed
689 1188 840 1263 addidit:
862 1191 990 1284 gloriose
1002 1192 1228 1282 honorificatus
1246 1188 1294 1285 eft.
1323 1185 1438 1279 Equi·

244 1317 247 1332 ·
365 1286 1237 1384 (lemquantumposlumconjicero,virleturmihi
1253 1287 1436 1363 aliudesse

364 1383 573 1484 glorificari,
594 1388 688 1459 aliud
711 1388 869 1484 gloriose
886 1386 1089 1486 glorificari.
1130 1388 1224 1462 Nam
1248 1386 1435 1461 Dominus

363 1484 572 1580 meruJesua
583 1486 755 1579 Christus,
767 1509 847 1563 cum
860 1509 1003 1564 carnem
1019 1511 1064 1562 ex
1075 1488 1217 1584 virgine
1228 1486 1345 1560 Maria
1359 1508 1432 1580 pro

270 1671 272 1676 ,
364 1583 606 1662 salutenostra
617 1584 780 1680 suscepit,
796 1588 1016 1685 glorificatur
1030 1587 1082 1662 est
1097 1587 1256 1681 quidem,
1268 1587 1350 1680 quia
1367 1607 1435 1661 ve·

363 1687 585 1779 nitquoerere
596 1687 693 1778 quod
706 1691 882 1781 perierat,
902 1709 978 1761 non
991 1702 1110 1762 tamen
1120 1684 1278 1784 gloriose
1292 1685 1433 1782 glorisi-

363 1783 536 1860 crturest.
564 1787 707 1860 Dicitur
717 1789 812 1864 enim
821 1788 866 1862 de
876 1787 967 1882 ipso,
980 1787 1434 1885 quieuidimuseum,&nm

362 1886 493 1956 nabebo
507 1880 648 1983 speciem,
666 1890 930 1989 maurinorum,
947 1887 985 1964 θ
1001 1888 1116 1958 vulsus
1133 1891 1202 1985 ejas
1214 1885 1360 1981 igrrobr'lis
1371 1889 1433 1978 sir·

361 2003 419 2084 per
426 1987 517 2075 fissos
533 1987 703 2058 hominum.
755 1984 990 2061 Glorificatus
1008 1986 1059 2062 est
1077 1986 1206 2061 &cum
1222 1985 1265 2060 ad
1280 2004 1430 2062 crucem

361 2083 488 2172 venit,
514 2084 713 2185 &pertulit
727 2101 893 2163 mortem.
945 2087 1012 2161 Vir
1032 2085 1120 2161 scire
1144 2087 1227 2180 quia
1250 2082 1432 2184 glorifica·

360 2194 422 2258 tus
439 2181 517 2255 esti
543 2182 618 2276 lpse
632 2185 792 2274 dicebat:
821 2189 918 2259 Pater
934 2190 1029 2257 venir
1046 2187 1146 2274 bora,
1170 2185 1433 2277 clarifiufilirm

361 2300 473 2365 raum,
507 2299 544 2351 ur
554 2287 648 2373 filius
667 2302 742 2357 auus
759 2288 910 2377 clarificer
924 2302 965 2358 re.
1018 2281 1106 2360 Erat
1128 2306 1215 2384 ergo
1235 2287 1268 2359 ei
1290 2285 1430 2381 gloria,

361 2383 469 2457 etiam
487 2382 560 2475 ipsa
579 2384 684 2476 pallio
709 2385 850 2479 crucis,
884 2406 1011 2458 verum
1029 2386 1143 2481 gloria
1159 2388 1237 2460 haec
1255 2403 1332 2458 non
1349 2399 1431 2460 erat

360 2481 538 2580 gloriosa,
566 2482 625 2556 sed
647 2486 798 2560 humilis.
849 2486 1016 2577 Denique
1041 2485 1169 2559 dicitur
1190 2485 1235 2558 de
1256 2506 1324 2559 eo:
1353 2488 1430 2557 Har·

359 2583 510 2655 miliani!
525 2584 560 2670 se
580 2583 671 2680 usque
687 2588 726 2655 as
742 2600 892 2667 mortem,
919 2601 1049 2656 mortem
1072 2601 1178 2657 aurem
1200 2589 1314 2664 crucis,
1364 2583 1428 2661 De

360 2699 434 2774 quo
453 2682 559 2756 etiarn
574 2682 756 2779 Propheta
776 2684 1007 2777 praedixerat,
1036 2689 1148 2758 Merra
1160 2681 1336 2784 rurpfflna
1355 2708 1428 2758 eon·

358 2783 532 2854 damnemus
550 2808 631 2855 eum.
681 2785 752 2858 Sed
773 2782 940 2858 &Esaias
963 2784 1050 2857 dicit
1069 2783 1115 2858 de
1128 2803 1199 2858 eor
1233 2788 1273 2857 In
1291 2786 1428 2856 humili·

358 2896 427 2954 rute
445 2885 600 2979 judicium
624 2888 691 2980 ejus
708 2884 871 2973 sublatum
893 2885 942 2978 ess.
995 2882 1036 2956 In
1062 2884 1116 2958 hir
1144 2903 1231 2982 ergo
1255 2884 1427 2958 omnibus

358 2979 579 3080 glorificatus
599 2983 649 3072 est
670 2983 871 3073 Dominus,
896 2982 955 3057 sed
981 2979 1045 3078 (ut
1059 2985 1109 3057 ita
1129 2980 1265 3082 dicam)
1286 2983 1428 3058 humili·

359 3094 439 3176 ter,
465 3103 542 3156 non
562 3082 717 3181 gloriose
740 3081 959 3180 glorificatus
989 3080 1050 3156 est.
1098 3084 1239 3157 Verum
1262 3083 1345 3176 quia
1361 3085 1426 3156 aaa

358 3183 516 3277 oportebat
538 3191 609 3277 pari
637 3183 816 3280 Christum,
843 3185 881 3257 (5
906 3187 946 3277 fic
966 3186 1099 3254 introire
1114 3187 1152 3254 in
1163 3184 1296 3278 gloriam
1306 3184 1427 3274 suam,

359 3301 442 3354 cum
455 3285 598 3355 venerit
608 3284 645 3356 in
659 3284 770 3379 gloria
784 3284 895 3374 patris
911 3283 945 3356 δι
960 3279 1159 3358 sanilorum
1172 3280 1423 3381 Angelorum,

357 3401 440 3453 cum
460 3382 604 3454 venerit
620 3383 657 3454 in
679 3382 859 3477 majestate
878 3381 936 3456 sua
949 3381 1110 3476 judicare
1130 3394 1286 3476 terram,
1313 3403 1426 3475 quan·

358 3479 407 3553 do
430 3480 610 3555 &verum
632 3481 882 3575 Pharaonem,
908 3481 1041 3568 idest,
1073 3482 1257 3557 diabolum
1283 3478 1424 3556 interfi-

258 3571 261 3582 '
357 3579 431 3653 ciet
443 3577 566 3672 spiritu
582 3580 655 3655 oris
675 3579 748 3676 sui,
776 3602 855 3654 cum
875 3601 964 3678 ergo
980 3580 1176 3678 refulgebit
1186 3582 1224 3678 in
1237 3580 1421 3675 majestate

355 3680 465 3775 patris
484 3680 557 3770 sui,
590 3681 624 3769 δι,
644 3680 725 3774 post
750 3682 945 3754 adventum
968 3681 1176 3756 humilitatis
1187 3687 1212 3775 ,⁴
1224 3678 1420 3756 secundum

355 3780 462 3855 uobis
482 3773 646 3878 ingloria
663 3780 832 3854 ostendet
852 3780 1074 3875 adventum,
1100 3792 1189 3853 tunc
1209 3793 1287 3854 non
1304 3779 1421 3857 solun

355 3876 578 3976 glorificatur
608 3879 817 3972 Dominus,
851 3876 966 3952 sed&
992 3877 1147 3974 gloriose
1168 3876 1420 3975 glorificatur,

357 4000 439 4052 cum
468 4000 593 4053 omnes
621 3979 672 4052 ita
701 3977 949 4059 honorificant
971 3976 1106 4075 lilium,
1131 3979 1221 4055 ficut
1243 3975 1421 4053 honorili-

356 4091 441 4153 cant
451 4091 603 4176 patrem.

1190 4200 1226 4255 ι.
1240 4179 1369 4276 Equum
