3417 4692
315 441 320 447 ·
408 430 478 517 tn
504 375 785 516 cantatu
809 417 1094 558 nomina
1117 429 1236 512 xtu.
1287 413 1382 530 'aaa

308 624 407 680 ¹eum
428 604 466 676 in
490 601 629 676 deserto
653 612 981 676 commemorantur
1004 597 1133 693 aliquid
1159 615 1287 694 agere,
1320 594 1385 668 vel

322 716 455 778 terram
482 703 756 799 repromiffionis
781 699 938 799 ingreliae
960 701 998 772 in
1020 713 1146 774 monte
1172 697 1288 771 Gebal
1314 713 1385 788 pro

323 802 632 878 benedietionibus
649 801 999 877 &maledietionibus
1018 797 1229 878 statuuntur.
1259 837 1266 902 ι·
1280 793 1384 866 Alius

323 904 454 997 etiam,
473 923 552 974 cum
573 902 783 978 divifionem
797 916 902 976 terrae
927 898 1142 975 hereditatis
1166 895 1264 970 sorte
1285 890 1388 968 susci·

324 1005 460 1104 piunt„
491 1000 540 1075 Et
558 1004 745 1078 intantum
759 1001 929 1076 ordoiste
945 1000 1126 1091 variatur,
1150 1012 1193 1070 ut
1207 994 1387 1069 interdum

304 1149 309 1160 -
327 1102 470 1194 quidam
484 1125 529 1175 ex
542 1103 645 1196 ipsrs,
670 1125 739 1178 nec
752 1101 918 1195 adscripti
930 1100 1159 1173 inveniantur
1174 1099 1210 1170 in
1223 1114 1387 1169 numero.

329 1201 444 1304 Quod
473 1205 597 1293 utique
621 1216 758 1276 certum
784 1201 931 1275 estnon
953 1197 1082 1292 absque
1105 1200 1220 1290 aliqua
1244 1196 1388 1267 ratione

327 1301 481 1394 variari,
508 1301 698 1375 &exstare
720 1301 836 1375 causas
856 1300 1082 1396 probabiles,
1114 1300 1240 1390 quibus
1256 1296 1292 1367 in
1314 1293 1386 1364 alio

327 1402 418 1475 loco
440 1402 520 1494 ille,
546 1404 583 1474 ln
604 1404 674 1475 alio
695 1421 786 1474 vero
812 1402 898 1474 alius
913 1398 1132 1492 preferatur.
1180 1394 1250 1468 Sed
1271 1391 1316 1465 de
1332 1391 1389 1466 his

329 1502 439 1574 nabis
456 1521 551 1573 nunc
565 1502 785 1594 propositum
804 1498 967 1594 nonest,
992 1498 1058 1572 nifi
1074 1517 1117 1570 ea
1136 1492 1388 1568 tantummodo

329 1616 443 1697 prout
465 1599 564 1672 Deus
580 1600 718 1674 dederit
737 1600 945 1692 explicare,
979 1619 1056 1690 quae
1078 1597 1116 1668 in
1135 1591 1391 1669 benedictioni·

329 1702 416 1793 bus,
429 1719 513 1789 quas
528 1700 655 1783 mortis
666 1696 1185 1794 tempore'apattesulcipiunt,
1201 1694 1390 1765 continen-

330 1809 402 1872 tur.
430 1801 521 1900 Quae
540 1800 680 1889 quidem
695 1797 963 1873 benedittiones
976 1819 1022 1870 ex
1038 1816 1085 1870 eo
1100 1792 1247 1868 fortasse
1263 1793 1392 1865 solum·

330 1897 445 1973 modo
471 1900 640 1993 appellari
662 1912 889 1993 potuerunt,
921 1896 1020 1991 quod
1035 1895 1075 1970 in
1094 1893 1285 1967 noviffimis
1305 1888 1392 1964 dici·

334 2009 412 2071 tur:
439 1995 486 2069 Et
500 2002 562 2067 hac
576 2001 695 2070 inautus
711 1999 749 2096 api
767 2005 812 2070 eir
823 2013 918 2096 pater
936 2021 1040 2070 aarum
1060 1991 1099 2073 U
1120 1996 1278 2066 benedixit
1298 1994 1367 2063 idas
1377 2041 1391 2080 ,

332 2119 580 2195 unumquemque
595 2102 763 2185 secundum
778 2095 1017 2173 bencdifiiancm
1029 2099 1121 2188 suam
1139 2095 1295 2168 benedixit
1313 2094 1391 2166 iias.
1415 2151 1418 2158 .

334 2195 511 2271 Caeterum
527 2200 563 2270 in
579 2199 689 2270 initiis
705 2199 764 2272 ubi
777 2214 963 2273 convocat
974 2216 1039 2271 eos
1053 2209 1178 2291 pater,
1203 2214 1280 2268 non
1298 2188 1399 2283 quali.

334 2295 379 2370 ad
403 2296 688 2373 benedittionem
717 2312 935 2393 convocat,
969 2296 1029 2372 sed
1056 2296 1107 2369 ita
1130 2293 1297 2387 scriptum
1323 2290 1396 2365 esta

315 2419 318 2424 ·
342 2400 480 2470 Vacanit
500 2415 603 2468 autam
628 2398 728 2495 Jacob
738 2400 827 2488 filias
837 2399 912 2487 suas
932 2397 972 2474 δ’
988 2398 1100 2468 dixit:
1138 2390 1393 2488 congregamini,

315 2523 319 2532 ‘
335 2510 377 2569 ut
387 2502 579 2566 annunciem
593 2499 700 2585 nabis,
715 2523 781 2596 quac
792 2494 1043 2589 occursurafimt
1055 2495 1144 2567 nabis
1159 2500 1196 2564 in
1210 2489 1394 2584 naviffimic

333 2597 450 2670 diebus.
478 2596 590 2696 Quod
606 2599 730 2688 utique
743 2596 852 2694 mapa
868 2595 1094 2692 prophetiam
1110 2591 1302 2691 significat,
1327 2610 1394 2686 per

335 2716 440 2788 quam
465 2697 605 2786 quaeis
627 2696 803 2770 eventura
818 2696 919 2790 sunt,
944 2695 1207 2794 praefignantur.
1257 2693 1298 2765 ln
1314 2689 1391 2784 ipso

336 2808 457 2868 autern
484 2813 667 2889 corpore,
701 2794 843 2870 &serie
860 2793 1084 2886 verborum,
1111 2813 1228 2885 neque
1248 2788 1395 2866 benedi·

336 2894 473 2967 cilones
489 2908 652 2986 tantum,
678 2917 796 2988 neque
816 2895 1021 2970 futurorum
1035 2893 1109 2968 sola
1121 2890 1395 2989 pronunciatio,

335 3008 506 3087 quantum
526 3015 669 3088 mores,
697 2998 757 3068 vel
773 2997 997 3089 propositum
1016 2990 1174 3086 eorum,
1207 2992 1270 3066 vel
1287 2991 1396 3068 etiam

336 3093 495 3185 quadam
516 3098 559 3167 ab
577 3097 627 3167 eis
643 3094 738 3190 gesta
750 3096 959 3169 notabiliter
976 3107 1181 3193 arguuntur.
1233 3093 1395 3192 Quaeret

333 3194 443 3267 nobis
462 3193 700 3287 tripartitam,
724 3207 766 3266 ut
784 3194 821 3268 in
839 3196 915 3268 aliis
929 3193 1105 3286 fecimus,
1132 3188 1394 3284 explanationis

334 3294 517 3368 materiam
548 3292 707 3386 subjicit,
738 3294 788 3368 ita
813 3309 854 3384 ut
875 3291 1143 3369 benedictiones
1168 3290 1322 3365 historie
1340 3290 1406 3363 lo·>

335 3411 418 3465 cum
434 3388 608 3486 servent,
642 3393 834 3486 prophetia
855 3414 948 3468 vero
968 3391 1155 3486 mysticum
1176 3403 1284 3484 atque
1307 3388 1396 3486 dog-

333 3492 529 3585 maticum,
554 3497 696 3566 m'orum
718 3493 961 3587 correptio&
989 3492 1193 3592 objurgatio
1220 3490 1395 3567 moralem

335 3592 463 3688 dirigat
475 3590 615 3682 stylum.

416 3714 449 3765 2.
477 3693 606 3777 Rulm,
631 3689 773 3785 inquit,
800 3691 1030 3787 primogenitus
1054 3705 1163 3782 meuc,
1195 3693 1309 3761 virtut
1331 3713 1397 3765 mea

335 3788 377 3867 ab*
394 3795 528 3861 initium
547 3791 687 3878 filiarum
708 3814 864 3879 mearum,
890 3792 989 3861 durus
1008 3795 1045 3862 in
1063 3787 1315 3879 conversatione,
1340 3791 1397 3862 du·

339 3919 393 3964 rua
410 3891 448 3965 θ
461 3901 646 3963 temerarius
657 3891 861 3962 contumelias
875 3892 1025 3987 irrogasti,
1055 3887 1222 3989 Tanquam
1234 3914 1318 3986 aqua
1329 3914 1397 3964 nan

334 3990 525 4084 qffmnascas.
578 3991 748 4089 Ascendifla
772 3995 856 4062 enim
869 3993 960 4087 super
978 3991 1076 4062 cubile
1096 3994 1202 4087 patris
1228 3993 1289 4070 tui.
1345 3986 1397 4065 Tu
1453 4005 1460 4010 '

332 4090 472 4189 paliuifli
487 4093 617 4165 thorum
631 4091 862 4193 abiasundt'fti.
888 4090 1045 4166 Incestus
1056 4089 1202 4167 historia
1220 4092 1410 4257 neminem
1461 4101 1467 4166 .'

502 4239 504 4244 -
1268 4201 1388 4274 atet„
