3417 4692
237 279 247 440 i

239 1379 245 1568 ἲ

241 1603 249 1748 i

352 299 840 428 connrmrnnrn
865 345 930 425 nr
956 339 1250 424 crnnsrsr.
1312 367 1356 440 μ

289 533 412 588 rerum
434 514 572 590 ceusam
589 534 668 587 non
687 491 757 587 eide
780 509 872 610 (nec
888 513 981 588 enim
1002 532 1108 606 quem
1125 523 1362 603 peccaturum

289 609 393 706 Deus
416 613 486 696 effe
504 613 691 712 previdit,
718 635 798 687 eum
817 612 901 686 dum
918 633 957 686 re
978 611 1050 706 ipsa
1069 624 1220 705 peccat,
1245 611 1288 684 ad
1308 609 1357 684 fa·

291 717 394 788 'rinus
412 715 505 806 quafi
528 735 635 788 manu
651 713 812 787 deducit:
815 730 830 804 J
850 710 909 787 sed
924 715 1030 786 etiam
1042 712 1147 804 ⁴quod
1163 733 1182 783 a
1197 733 1357 784 commu·

290 815 326 890 ui
347 811 449 888 sensu
467 815 640 890 remotius
658 814 819 906 quidem,
853 811 911 886 sed
928 834 1054 886 verum
1072 829 1191 885 tamen
1214 811 1284 905 est,
1321 809 1358 886 id

290 912 407 1008 ipsum
427 915 526 1006 quod
548 914 708 988 futurum
729 911 793 1002 fit,
821 912 992 1005 ejusmodi
1015 914 1251 1006 prenotionis
1277 932 1357 984 cau-

290 1011 363 1094 sum
381 1009 462 1088 effe.
515 1012 647 1106 Neque
665 1016 759 1087 enirn
775 1012 914 1086 idcirco
932 1010 976 1086 fit
993 1014 1093 1105 quod
1109 1013 1269 1088 futurum
1288 1009 1359 1087 effe

292 1111 554 1212 cognoscatur3
580 1109 640 1186 sed
657 1114 757 1205 quod
770 1112 930 1189 futurum
945 1113 1010 1208 fit,
1036 1113 1173 1186 idcirco
1196 1113 1359 1188 futurum

291 1211 362 1289 effe
378 1213 621 1310 cognoscitur.
654 1217 741 1312 Quo
763 1214 906 1305 quidem
925 1215 962 1288 in
980 1234 1112 1311 genere
1133 1209 1363 1288 distintiione.

292 1333 386 1408 opus
405 1315 466 1389 est.
517 1309 613 1387 Nam
630 1313 654 1388 ii
677 1311 776 1405 quod
795 1317 945 1387 omnino
963 1314 1124 1387 futurum
1147 1312 1294 1402 dicitur,
1320 1312 1358 1386 id

290 1415 341 1487 ita
367 1416 446 1505 quis
466 1416 640 1507 accipiat,
674 1413 822 1506 perinde
842 1435 884 1487 ac
908 1413 1050 1506 siquod
1074 1409 1261 1507 previsum
1280 1412 1355 1505 est,

292 1513 600 1588 evenire-neceffe
615 1514 678 1588 sit:
712 1514 786 1587 hoc
804 1534 898 1588 vero
926 1516 1071 1589 minime
1090 1514 1239 1614 damus„
1274 1513 1359 1588 Nec

292 1617 386 1690 enim
401 1613 499 1706 quod
510 1613 659 1708 proevisa
671 1614 769 1708 jude
781 1615 944 1707 proditio
958 1614 1081 1709 fuerit,
1107 1615 1233 1709 Judam
1246 1633 1357 1708 prop-

291 1727 391 1788 terea
405 1714 599 1804 necess'srio
613 1715 838 1809 proditorem
851 1714 952 1788 fuiise
965 1714 1212 1799 concedimus,
1237 1712 1359 1787 Enim·

292 1833 409 1908 vero,
436 1815 562 1906 quibus
578 1815 616 1887 in
629 1812 892 1908 Prophetarum
910 1816 1062 1888 oraculis
1081 1813 1243 1888 futurum
1255 1815 1357 1909 Judae

291 1909 405 1988 scelus
431 1915 665 2016 exprimitur,
691 1912 812 1990 iisdem
835 1915 991 1992 hominis
1019 1915 1218 2008 inceditur,
1245 1915 1358 2010 carpi·

292 2026 424 2105 turque
442 2015 673 2108 improbitas,
702 2029 809 2107 atque
829 2018 989 2089 omnium
1012 2015 1050 2087 in
1069 2017 1185 2088 oculis
1209 2015 1357 2110 indigni·

291 2128 345 2186 tus
367 2113 468 2214 ejus,
494 2117 740 2207 probrumque
767 2117 978 2191 traducitur.
1033 2118 1107 2217 Qui
1126 2115 1151 2189 fi
1174 2115 1217 2188 ad
1236 2115 1357 2209 prodi·

289 2217 430 2288 tionem
447 2214 483 2285 vi
499 2233 541 2300 ac
558 2215 761 2290 neceffitate
775 2231 984 2310 raperetur,
1009 2238 1079 2290 nec
1095 2217 1240 2306 reliquis
1254 2213 1357 2309 Apo-

288 2311 390 2388 stolis
409 2334 475 2406 per
491 2335 567 2388 earn
592 2314 708 2388 similis
728 2313 797 2388 eise
816 2315 955 2409 poffet,
981 2317 1081 2392 omni
1097 2315 1266 2410 profecto
1291 2316 1357 2388 cri·

289 2413 388 2488 mine
408 2434 449 2485 ac
469 2418 609 2508 probro
627 2431 786 2490 vacaret.
838 2415 935 2497 Vide
952 2439 1064 2516 ergo,
1086 2437 1173 2490 num
1187 2415 1224 2488 id
1244 2413 1359 2509 ipsum

290 2511 430 2586 disertis
447 2511 543 2587 hisce
558 2517 760 2608 propheta,
788 2518 1044 2610 conceptisque
1058 2517 1182 2591 verbis
1198 2516 1355 2610 aperiat:

290 2617 361 2688 Nec
369 2615 436 2710 fir,
460 2614 516 2712 q'irr'
536 2621 723 2704 misereatur
737 2618 868 2714 pupillis
889 2624 977 2715 ejus,
1000 2639 1059 2714 prr
1077 2643 1110 2687 eo
1129 2620 1210 2714 quod
1230 2641 1296 2685 non
1316 2615 1358 2714 eft

290 2717 470 2786 recordatur
479 2713 587 2807 fatere
600 2719 864 2806 misericordiam,
891 2716 931 2796 U
948 2717 1178 2815 persecuturos}
1195 2716 1362 2786 hominum

290 2819 432 2911 inopem,
459 2822 497 2892 Θ
514 2817 686 2916 mendicum
701 2814 740 2894 (ὅ
753 2819 969 2913 ωηιρκηὲῑιυη
982 2820 1069 2891 corde
1080 2818 1281 2908 mortificare:
1311 2819 1359 2889 Et

289 2915 405 2988 dilexit
425 2915 692 3008 medianum,
719 2921 756 2994 U
778 2926 887 2992 veniet
910 2927 957 2990 ei:
985 2917 1024 2997 o
1046 2920 1151 2992 noluit
1172 2914 1357 2989 benedifdio·

289 3039 381 3103 nem,
409 3014 448 3092 U
464 3017 768 3111 elongabiturabeo.
888 3039 891 3046 ·

244 3167 246 3176 .
366 3135 401 3208 7.
427 3113 490 3188 Sin
509 3103 628 3192 autem
646 3117 734 3192 illud
751 3117 873 3213 idem,
907 3120 1008 3213 quod
1028 3121 1179 3194 omnino
1196 3117 1358 3194 futurum

291 3213 447 3309 dicitur,
473 3218 524 3289 ita
542 3220 644 3312 quis,
669 3236 782 3314 prout
800 3218 1070 3296 affeverationis
1092 3222 1168 3315 ejus
1187 3215 1359 3316 significa·-

289 3317 345 3390 tio
371 3315 553 3412 postulat,
580 3319 779 3416 intelliget3
808 3322 901 3414 quasi
926 3323 1085 3395 futurum
1108 3322 1151 3395 fit
1171 3320 1258 3393 illud
1284 3321 1358 3410 qtri·

289 3413 394 3509 dem,
421 3430 589 3493 caeterum
599 3419 711 3491 ¹aliter
727 3424 832 3495 etiam
849 3423 1000 3495 evenire
1014 3419 1204 3516 potuisset:
1230 3420 1266 3493 id
1282 3416 1375 3491 tan!

289 3536 397 3610 quam
417 3537 543 3592 verum
561 3522 660 3591 ultro
675 3517 840 3598 fatemur.
893 3522 931 3596 N
934 3546 989 3597 arn
1011 3537 1054 3598 ut
1071 3520 1214 3596 mentiri
1233 3519 1358 3602 Deus,

288 3613 439 3710 fallique
454 3639 528 3690 non
545 3618 685 3711 p'otest,
711 3621 762 3694 ita
777 3643 853 3713 quae
867 3644 908 3696 ac
923 3643 1001 3696 non
1017 3619 1095 3694 fieri
1109 3618 1276 3714 possunt,
1304 3642 1358 3691 en-

290 3713 371 3791 dem
390 3714 464 3810 ipse
481 3716 603 3790 futura
620 3717 721 3793 nosse
740 3724 894 3815 pariter,
922 3738 984 3796 aut
1000 3743 1076 3795 non
1092 3721 1214 3796 futura
1229 3716 1360 3811 potest.

289 3811 429 3891 Verum
457 3815 644 3891 dilucidius
665 3819 735 3899 hac
758 3822 803 3894 de
825 3842 866 3894 re
887 3821 986 3896 hunc
1010 3824 1047 3893 in
1069 3823 1218 3896 modum
1234 3818 1362 3889 statue·

287 3931 377 3991 mus.
431 3914 468 3989 si
494 3916 603 3990 Petro
625 3919 741 3992 fimilis
765 3921 964 4013 Apostolus
991 3920 1098 4014 Judus
1124 3919 1193 3993 ess'e
1218 3916 1360 4012 potest,

244 4031 253 4104 {-
287 4012 408 4112 potest
432 4017 541 4094 etism
566 4015 669 4094 usus
689 4018 819 4117 Judem
842 4019 1060 4116 Apostolum
1079 4020 1190 4102 Petro
1213 4017 1361 4091 similem
1400 4017 1404 4026 “

1215 4114 1318 4191 iutu-
1430 4209 1432 4216 Ι
