3417 4692
323 307 411 434 aro'
465 415 495 442 .,
644 343 1058 470 ourearms

244 555 249 574 ι
323 513 374 588 cit
395 508 530 586 sandius
548 564 562 604 ,
596 512 655 604 qui
676 528 799 588 mente
821 513 942 590 Deum
964 514 1133 612 videbat,
1169 524 1209 593 ln
1228 521 1390 619 confilium

321 640 423 685 eornm
449 639 514 682 raon
539 618 681 684 intrarat
704 618 816 684 arrr'ma
839 637 921 694 rara,
979 613 1086 692 liaris
1112 617 1261 695 testibus
1289 623 1388 696 adhi-

321 714 405 788 bitis
424 711 710 786 condemnabant
724 711 851 807 Jesum.
905 718 1006 801 Non,
1031 716 1169 811 inquit,
1202 726 1239 792 in
1264 724 1388 810 confidi·

319 839 424 888 eurum
442 818 632 884 innitantur
647 812 764 901 viscera
782 837 859 912 αμα.
886 809 978 889 Non
996 813 1060 887 tibi
1075 818 1148 890 hoc
1170 820 1314 895 videtur
1335 823 1386 895 di·

320 933 426 989 cere:
453 914 601 986 Mandas
624 931 682 1004 agr·
690 912 762 1002 sam
781 938 802 984 a
813 912 972 1007 srruguirre
988 917 1066 1012 juflr'
1083 916 1204 1013 bajus,
1230 921 1384 994 mundus

323 1037 394 1113 ego
410 1011 484 1088 sum
502 1034 522 1086 a
538 1005 734 1106 sententia,
754 1032 857 1104 quam
874 1011 1065 1087 decernitis
1088 1016 1256 1092 adversus
1280 1019 1388 1096 inno·

323 1127 476 1198 centem.
529 1117 619 1206 Quia
636 1116 673 1182 t'rt
693 1117 743 1183 ira
753 1113 838 1200 sua,
865 1111 1001 1208 inquit,
1024 1117 1199 1188 acciderunt
1218 1120 1361 1190 homines
1372 1165 1388 1206 ,

321 1215 361 1294 Θ
384 1219 422 1285 r'u
446 1216 616 1308 cupiditate
637 1211 698 1300 stra
724 1211 1006 1298 subnervaverunt
1032 1231 1171 1286 taurum.
1222 1217 1385 1310 Requiro

323 1333 416 1407 quos
433 1313 596 1387 homines
616 1309 855 1403 oeciderunt,
882 1331 964 1386 cum
990 1328 1127 1389 certum
1145 1317 1186 1389 fit
1208 1331 1291 1392 ante
1308 1316 1383 1412 pas·

320 1417 457 1491 sionem
479 1410 628 1488 Domini
655 1410 832 1484 neminem
855 1411 1075 1486 credentium
1101 1413 1170 1489 effe
1193 1418 1382 1510 punitum:

320 1514 384 1590 nist
400 1511 500 1586 forte
520 1513 579 1603 qui
596 1508 676 1604 ipim
691 1507 865 1584 adscribat
885 1511 991 1587 etiam
1009 1510 1208 1610 sanguinem
1226 1520 1384 1609 prophe·

320 1628 459 1688 terum:
485 1614 566 1704 quia
585 1625 629 1682 ut
641 1609 732 1682 dicit
757 1609 938 1684 Dominus
958 1632 979 1685 a
1001 1609 1168 1708 sanguine
1188 1615 1284 1688 Abel
1299 1617 1385 1710 justi

319 1713 431 1808 usque
456 1712 499 1786 ad
521 1709 720 1806 sanguinem
745 1709 925 1784 Zachariae
949 1712 1066 1784 omnis
1092 1715 1151 1803 qui
1175 1712 1305 1788 effusus
1330 1715 1383 1790 est

276 1889 278 1894 .
320 1814 458 1911 sanguis
472 1810 646 1905 justorum
662 1810 705 1882 ab
719 1806 791 1902 ipsa
813 1813 1045 1904 generatione
1064 1814 1274 1903 requiratur.
1309 1815 1381 1889 Sed

320 1913 527 2002 videamus,
548 1931 594 1983 ne
615 1909 713 1982 forte
732 1907 766 1980 dt
785 1907 868 1982 illos
884 1910 1047 1984 homines
1066 1913 1265 1986 occiderint
1287 1937 1380 2006 quos

318 2011 565 2110 persuaserunt
582 2009 756 2082 clamare:
781 2011 921 2102 Sanguis
941 2011 1028 2080 r'dt‘ur
1042 2011 1135 2107 super
1151 2037 1208 2082 raas
1231 2011 1269 2088 (5
1285 2029 1379 2109 super

313 2113 400 2208 filios
420 2111 548 2208 noflrar.
600 2106 649 2182 Er
677 2112 713 2178 r'n
737 2111 912 2204 cupiditate
928 2108 988 2197 sua
1009 2110 1285 2193 subnervaverunt
1305 2134 1379 2185 tarr·

321 2238 402 2286 rum.
451 2209 611 2282 Taurum
625 2204 791 2302 appellari
805 2203 918 2280 filium
932 2208 1003 2281 Dei
1018 2211 1164 2306 legimus
1180 2214 1217 2284 in
1232 2211 1379 2306 scriptu·

319 2333 437 2387 rarum
452 2305 595 2406 figuris,
618 2306 781 2380 nimirum
796 2306 833 2378 in
847 2305 1048 2404 Evangelio
1066 2312 1125 2383 ubi
1142 2310 1307 2404 scriptum
1326 2313 1379 2387 est

320 2435 367 2489 ex
383 2407 534 2509 persona
552 2403 614 2480 filii
630 2404 778 2480 senioris
803 2406 954 2480 dicentis
970 2408 1014 2480 ad
1029 2425 1185 2501 patrem:
1221 2413 1286 2505 Ega
1296 2415 1379 2501 sem·

315 2535 374 2613 prr
397 2529 494 2584 tatum
512 2508 593 2603 frti,
621 2505 659 2582 U
682 2507 867 2577 mandarum
893 2524 985 2579 urum
1006 2533 1171 2606 nunquam
1187 2517 1374 2603 preterivi,

318 2612 359 2691 ϋ
373 2633 538 2708 numquam
551 2606 657 2706 dediflr'
672 2607 755 2676 milri
771 2607 913 2699 hedum,
927 2623 964 2678 ur
975 2632 1043 2678 cum
1063 2613 1171 2680 amr'cr's
1183 2616 1258 2681 meis
1271 2615 1376 2707 epula·

318 2738 381 2790 rer.
435 2715 513 2783 Cum
536 2723 640 2779 cutm
654 2708 850 2796 verritfllr'rrr
873 2724 948 2779 tuus
962 2707 1015 2776 lrr'c
1027 2713 1159 2804 junior,
1186 2717 1244 2808 qui
1264 2715 1376 2809 dirupi.

317 2816 411 2888 devii
427 2835 548 2884 omnem
557 2807 766 2906 substantiam
773 2806 885 2899 suam,
909 2809 1037 2905 oecidfir'
1051 2814 1079 2880 εἰ
1097 2813 1377 2906 vitulumfirgiua.

317 2931 397 2987 rum.
448 2909 556 2985 Istum
580 2926 666 3002 ergo
690 2920 830 2980 taurum
850 2905 925 2979 five
950 2907 1105 2981 vitulum
1132 2911 1280 2983 consilio
1308 2911 1374 2986 suo

316 3012 448 3089 Scriba
464 3010 498 3082 u
516 3005 675 3081 Pharisaei
691 3003 913 3079 subnervasse
926 3005 1108 3079 dicuntur:
1136 3031 1285 3099 quorum
1302 3034 1375 3086 ma-

315 3110 464 3192 ledistus
490 3107 618 3200 furor,
644 3106 724 3199 quia
745 3106 951 3179 temerarius
978 3106 1048 3199 est,
1082 3107 1187 3181 &ira
1207 3112 1372 3208 illorum,

318 3217 400 3309 quia
420 3208 583 3284 indurata
597 3205 658 3280 est.
696 3209 851 3278 Dividam
867 3208 934 3276 idos
952 3212 989 3274 r'rr
1006 3209 1123 3302 Jacob,
1150 3206 1188 3284 (5
1205 3211 1371 3306 dispergam

317 3341 365 3388 aas
386 3317 422 3382 in
439 3310 542 3392 israel.
566 3305 772 3382 Videndum
785 3304 856 3397 est,
873 3326 919 3379 ne
937 3304 1035 3378 forte
1053 3307 1178 3380 divisio
1194 3308 1276 3402 ista,
1294 3333 1372 3401 quae

316 3413 377 3489 hic
399 3420 721 3500 commemoratur,
749 3407 827 3478 talis
844 3404 888 3478 fit
907 3405 1064 3495 qualis&
1079 3408 1159 3498 illa,
1182 3409 1225 3481 de
1247 3433 1316 3501 qua
1333 3415 1372 3486 in

315 3510 518 3606 Evangelio
539 3507 690 3602 dicitur,
715 3505 797 3599 quia
817 3525 898 3578 cum
919 3507 1063 3578 venerit
1076 3506 1256 3582 Dominus
1279 3510 1372 3588 servi

314 3613 431 3701 illino,
456 3613 580 3682 dividet
593 3631 679 3696 eum,
701 3625 882 3703 partemque
891 3607 975 3676 idias
989 3630 1057 3674 carm
1071 3610 1242 3696 infidelibus
1256 3631 1371 3704 parrer,

314 3714 380 3787 vel
396 3723 519 3805 certe,
543 3721 585 3781 ut
601 3705 720 3781 audivi
735 3706 920 3798 quemdam
935 3727 980 3778 ex
993 3703 1114 3779 sanetis
1132 3709 1290 3800 patribus
1308 3712 1374 3785 dis·

314 3809 517 3903 serentem,
548 3808 630 3902 quia
650 3807 775 3882 divino
791 3805 890 3880 smul
908 3805 942 3878 dr
958 3804 1122 3899 dispersio
1141 3809 1368 3908 nominatur,

315 3933 453 4009 proco
475 3910 572 4003 quod
592 3908 757 3983 nonnulli
777 3927 821 3978 ex
837 3905 917 3998 ipsis
935 3905 1096 3979 Domino
1119 3906 1368 4006 crediderunt,

315 4012 353 4088 dr
371 4011 479 4086 aliiin
491 4008 703 4088 infidelitate
721 4004 1010 4103 permanserunt,
1037 4005 1138 4082 divisr
1152 4007 1314 4082 dicanttn
1330 4013 1369 4088 hi

1251 4129 1313 4202 qur
