3417 4692
403 327 1206 460 rn'urunsrmrrommrnxvt
1283 393 1354 470 η,

300 527 407 604 etiam
432 527 592 622 spiritalis
609 552 732 605 manus
750 529 826 605 suas
848 531 970 626 posuit
984 532 1085 626 super
1100 535 1229 608 oculos
1245 535 1355 632 legis,

299 633 360 721 qul
377 649 440 721 per
460 633 685 722 corporalem
709 633 977 728 intelligentiam
994 632 1193 707 Scribarum
1215 636 1249 706 ἂ
1267 635 1356 708 Pha·

297 727 478 803 risaeorum
493 729 636 802 fuerant
653 735 842 824 excaecati,
870 731 1076 806 &reddidit
1091 736 1141 806 eis
1156 733 1287 826 visum,
1312 747 1355 808 ut

298 829 373 909 his,
395 829 521 918 quibus
537 833 650 932 aperit
662 831 842 904 Dominus
850 830 1055 926 scripturas,
1067 825 1237 926 spiritales
1256 836 1292 906 in
1306 837 1355 907 le·

297 947 344 1042 ge
357 928 450 999 visus
469 928 713 1002 &intellectus
732 932 877 1024 aperiat·
902 929 1024 1022 Atque
1036 933 1170 1004 utinam
1189 933 1224 1005 ic
1246 934 1355 1008 nobie

298 1028 435 1118 injiciat
461 1028 638 1100 Dominus
660 1028 756 1124 Jesus
778 1051 901 1103 manus
923 1028 1000 1102 suas
1018 1030 1121 1126 super
1137 1033 1288 1110 oculos,
1311 1047 1356 1107 ut

298 1126 507 1218 incipiamus
532 1127 651 1200 &nos
676 1127 849 1221 respicere
869 1148 946 1202 non
967 1153 1030 1223 ea,
1064 1151 1141 1222 quae
1163 1132 1353 1228 videntur,

298 1223 359 1299 sed
379 1246 455 1316 quae
473 1245 549 1298 non·
570 1226 757 1301 videntur:
785 1229 970 1320 &aperiat
985 1231 1090 1302 nobis
1109 1232 1190 1302 illos
1207 1233 1354 1327 oculos,

299 1324 453 1416 quinon
472 1326 655 1398 intuentur
677 1326 879 1422 praesentia,
906 1327 965 1401 sed
992 1329 1130 1421 futura,
1157 1329 1355 1404 &revelet

298 1424 406 1497 nobis
424 1425 543 1495 cordis
562 1423 757 1520 aspectum,
785 1448 858 1519 quo
881 1427 981 1499 Deus
1000 1430 1143 1501 videtur
1156 1429 1193 1501 in
1211 1428 1354 1526 spiritu,

297 1543 364 1615 per
382 1517 493 1618 ipsum
510 1523 707 1599 Dominum
727 1527 842 1622 Jesum
860 1525 1055 1620 Christum,
1083 1531 1141 1606 cui
1163 1527 1214 1602 est
1238 1530 1354 1627 gloria

299 1627 335 1694 &
352 1623 535 1717 imperium
551 1624 588 1696 in
606 1623 729 1698 saecula
751 1625 969 1702 iaculorum.
1019 1626 1148 1702 Amen.

449 1957 451 1962 ’
553 1959 1085 2041 HOM1L1Axvl

295 2121 356 2198 De
368 2145 439 2218 eo,
466 2125 741 2218 quodscriptum
759 2127 825 2201 est:
853 2129 900 2198 Et
915 2125 1085 2224 acquifiuit
1103 2127 1352 2226 Josaplomnem

294 2240 416 2297 utram
431 2227 656 2322 AEgyptr'orum
671 2228 847 2317 Pharaoni:
873 2229 1087 2298 vendiderunt
1098 2235 1182 2297 anim
1196 2230 1352 2324 AEgyptii

295 2339 415 2395 terram
427 2325 518 2412 suam
539 2328 724 2415 liuram,
749 2335 824 2425 qula
843 2328 988 2396 obtinuit·
998 2326 1175 2421 tresfontes,
1201 2327 1240 2403 (5
1253 2326 1352 2420 fulin

296 2423 339 2522 est
354 2438 441 2495 terra
459 2427 656 2514 Pharaonis,
683 2424 723 2503 (7
740 2425 953 2524 populumfibi
966 2432 1004 2495 in
1016 2427 1208 2512 firmitatem
1221 2431 1349 2524 redegit,
1471 2485 1477 2502 a

369 2549 390 2595 a
413 2524 541 2614 summis
555 2525 681 2617 finibus
698 2529 838 2620 AEgypri
861 2529 1021 2622 usquead
1038 2527 1172 2611 summos
1186 2529 1275 2619 finer

555 2631 632 2724 ejus.
686 2621 922 2720 Genes..Cap.
938 2621 1085 2699 XLVIl.

302 2841 335 2898 1.
400 2823 576 2898 ecun'dum
595 2821 773 2916 scripturae
786 2819 892 2896 fidem
905 2822 1022 2895 nullus
1036 2818 1229 2918 AEgyptius
1244 2820 1366 2902 liber„

286 2973 288 2976 -
314 2953 316 2958 ·
423 2923 560 2996 Pharao
581 2924 674 2997 enim
697 2923 869 3018 populum
886 2921 949 2995 fibi
966 2923 1003 2994 in
1022 2918 1229 2994 servitutem
1247 2923 1349 2996 rede·

295 3022 368 3120 git,
394 3043 462 3097 nec
477 3024 627 3115 aliquem
640 3025 732 3096 intra
745 3021 1001 3117 AEgyptiorum
1016 3019 1105 3095 fines
1116 3021 1267 3095 liberum
1288 3021 1348 3094 de·

293 3123 462 3216 reliquit,
491 3121 598 3196 sedin
618 3125 716 3195 omni
736 3137 829 3194 terra
845 3119 997 3218 AEgypti
1017 3121 1181 3216 adempta
1201 3121 1347 3196 libertae

295 3218 357 3298 est.
409 3217 458 3293 Et
470 3235 665 3315 propterea
681 3222 778 3295 forte
793 3219 960 3312 scriptum
973 3219 1040 3294 est:
1068 3223 1132 3313 Ego
1145 3221 1216 3309 stem
1234 3225 1347 3294 Domi·

294 3341 359 3394 mus
379 3327 465 3396 Deus
488 3339 585 3406 tuus,
609 3326 668 3417 qni
684 3325 776 3392 eduxi
795 3338 825 3391 ta
842 3324 878 3391 de
904 3338 990 3392 terra
1010 3321 1177 3416 AEgyprr'‚
1205 3323 1243 3392 lla
1261 3323 1346 3396 domo
1403 3407 1407 3414 ¹

290 3421 473 3512 servituris.
523 3419 628 3494 Faiia
654 3420 705 3494 est
728 3441 814 3516 ergo
834 3417 1017 3516 AEgyptus
1042 3419 1168 3494 domus
1195 3418 1345 3495 servitu·

292 3519 373 3612 tir,
406 3521 441 3594 ὰ
469 3520 566 3612 quod
588 3519 648 3592 est
668 3520 874 3610 infelicius,
909 3519 1121 3593 voluntaria
1150 3515 1342 3599 servitutis.

293 3617 390 3694 Nam
404 3620 448 3692 de
461 3619 621 3692 Hebraeis
635 3621 795 3710 quamvis
808 3616 1008 3710 referatur,
1035 3619 1132 3711 quod
1145 3616 1343 3693 inservitu-

292 3732 368 3792 tem
380 3719 510 3792 redacti
531 3720 617 3811 sint,
646 3719 679 3791 &
698 3719 796 3811 quod
806 3719 929 3814 jugum
946 3717 1202 3791 dominationis
1219 3733 1343 3811 erepta

256 3866 259 3872 ,
291 3819 458 3894 libertate
473 3820 703 3913 pertulerint,
730 3820 911 3890 violenter
924 3830 1043 3892 tamen
1060 3818 1104 3890 ad
1120 3819 1342 3891 hocmemo·
1483 3831 1484 3840 ’

291 3934 417 3992 rantur
442 3919 590 3993 adduffi.
651 3919 829 4012 Scriptum
853 3917 905 3991 est
925 3920 1046 4011 enim,
1085 3919 1166 4008 quia
1189 3917 1342 4012 AEgpprii

290 4019 558 4107 abominabantur
562 4019 651 4108 filius
673 4021 789 4111 lsrael,
813 4017 852 4099 6
867 4021 1114 4117 perpotentiam
1130 4019 1342 4113 opprimebant
1357 4067 1360 4072 -

344 4123 489 4218 origam
516 4116 605 4196 Tm.
632 4121 675 4196 V.
909 4115 935 4189 S
1138 4117 1297 4214 AEpuptii
