3417 4692
345 397 839 491 cosrusrlrn‘nla
863 401 1250 498 ructuasrru.
1296 439 1349 518 ag

282 585 353 653 nos
378 575 456 670 ipie'
467 577 615 674 reddat,
644 591 762 670 eoque
778 580 1041 671 rnatu-liberet,
1062 575 1167 673 quern
1188 583 1352 658 eanobis

286 678 418 751 afferre
432 676 593 772 pollent,
620 700 696 770 quae
713 681 756 760 ab
771 681 869 754 astris
885 681 943 753 vel
957 679 1162 776 significari,
1188 687 1249 756 vel
1266 705 1352 778 pro·

284 777 396 852 ficisci
414 779 628 870 quandoque
652 781 866 872 videantur,
888 783 939 854 ita
955 795 1099 855 monet:
1124 785 1157 854 A
1176 785 1276 880 figaris
1295 809 1353 855 coe·

285 880 311 949 lt
330 881 431 949 nolite
453 897 597 950 meruere.
817 883 821 889 ’
1335 879 1339 888 ’
1394 857 1423 906 '⁶

366 1000 411 1050 ιο
435 970 511 1071 Janr
531 999 624 1051 vero
654 977 747 1051 aliud
770 993 942 1071 praterea
964 981 1147 1070 videamus
1169 989 1352 1077 argumen-

283 1091 391 1169 tum,
409 1078 517 1168 ¹quod
541 1077 711 1153 sideribus
731 1077 903 1153 efficiendi
927 1081 1084 1172 nullam,
1115 1079 1176 1153 sed
1199 1081 1353 1172 aliquam

285 1175 562 1271 tantum(s1vel
579 1178 649 1271 ipsa
664 1193 783 1252 tamen
799 1181 871 1253 dari
888 1180 1028 1277 potest)
1044 1177 1260 1275 significandi
1275 1182 1353 1255 vim

284 1280 475 1370 relinquat.
526 1278 726 1352 Docebunt
749 1282 936 1354 enimvero
959 1282 1062 1354 multi
1084 1280 1269 1354 hominurn
1294 1300 1354 1352 or-

287 1393 373 1469 tus,
414 1399 491 1468 quae
514 1378 577 1451 uni
605 1380 788 1451 dumtaxat
815 1381 953 1453 homini
984 1396 1161 1452 euentura
1186 1380 1282 1453 lint:
1314 1378 1353 1451 icl

271 1477 387 1568 -quod
402 1492 523 1552 tarnen
536 1501 581 1551 ex
598 1479 788 1571 hypothesr
805 1476 942 1554 diuum
957 1477 1026 1552 effe
1045 1481 1177 1573 velim,
1205 1478 1353 1572 perinde

289 1600 329 1650 ac
345 1576 369 1649 fi
386 1597 513 1652 eorum
528 1573 566 1650 in
581 1580 827 1673 cognitionem
841 1580 1006 1654 homines
1021 1580 1144 1652 venire
1155 1575 1255 1672 poss’e
1266 1577 1356 1649 con'-

290 1677 467 1754 cedamus.
531 1677 643 1778 Quod
675 1679 771 1751 enirn
793 1677 851 1751 hic
878 1693 940 1751 aut
963 1679 1023 1751 ille
1053 1680 1142 1751 certi
1170 1677 1351 1769 quidpiam

285 1775 464 1849 subiturus
481 1776 535 1867 fir,
552 1790 639 1869 puta
649 1778 862 1872 jugulandus
877 1799 897 1850 a
912 1779 1126 1869 latronibus,
1139 1779 1175 1849 in
1191 1797 1283 1868 quos
1298 1778 1352 1848 in

288 1876 438 1965 ciderit;
464 1877 536 1950 hoc
551 1876 605 1949 isti
619 1878 761 1967 quidem
778 1881 907 1971 partim
922 1901 966 1950 ex
981 1878 1142 1974 singulari
1156 1877 1233 1969 ejus
1250 1890 1351 1967 ortu,

286 1975 416 2067 partim
444 1976 686 2066 exiturum,
721 1978 747 2050 sr
770 1980 890 2070 plures
913 1992 1099 2069 numeret,
1135 1976 1353 2073 singulorum

287 2075 456 2148 natalitiis
471 2076 596 2149 haberi
611 2074 711 2166 polle
727 2076 936 2152 defendunt.
963 2077 1096 2150 Fratris
1111 2079 1203 2150 enirn
1219 2073 1351 2148 caedem

286 2176 471 2248 latronum
487 2197 592 2249 manu
610 2175 779 2268 futuram,
796 2178 1026 2273 iugulorum,
1050 2197 1208 2273 nec-non
1225 2195 1352 2267 paren·

280 2270 538 2365 tisutriusque‚
558 2274 631 2346 imo
644 2276 807 2370 conjugis
819 2277 946 2367 etiam,
960 2277 1178 2367 liberorum,
1201 2273 1351 2347 famulo·

242 2391 245 2398 ’
285 2393 363 2445 rum
377 2395 418 2444 ac
432 2373 720 2467 necessariorum,
739 2376 903 2470 adeoque
913 2375 1184 2449 interfectorum
1194 2374 1352 2468 ipsorum

288 2472 439 2547 fortallrs
451 2487 536 2545 ortu
548 2475 714 2547 inclusam
728 2478 841 2548 te'neri
856 2487 1003 2567 putant
1046 2476 1249 2573 Quomodo
1262 2493 1350 2568 ergo
1370 2519 1375 2526 ·

285 2569 363 2642 fiori
382 2572 520 2664 potest,
546 2589 588 2644 ut
608 2575 667 2664 qui
683 2589 743 2646 tot
759 2575 910 2648 alioruin
926 2572 1070 2669 (demus
1095 2576 1188 2648 eninr
1211 2574 1284 2646 hoc
1301 2594 1352 2644 rn·

282 2671 413 2770 terim)
430 2673 597 2746 natalitiis
615 2675 840 2767 involvitur,
866 2675 961 2747 idern
981 2671 1155 2762 atlrorurn
1171 2693 1248 2762 qua
1267 2671 1350 2743 huic
1432 2667 1434 2671 ⁸

285 2772 410 2864 potius
426 2772 648 2866 generationi
671 2793 775 2863 quani
795 2773 932 2849 caeteris
947 2773 1153 2865 p'raesrdent,
1180 2769 1351 2866 positioni

288 2870 498 2944 addicatur?
524 2871 738 2945 Incredibile
766 2872 960 2961 enlm'··est‚
995 2873 1239 2964 politionem,
1273 2883 1352 2960 quae

285 2970 454 3063 sangarlari
477 2969 756 3062 uniuscujusslam
779 2974 875 3045 ortui
902 2971 1113 3064 praeluerit,
1150 2967 1353 3063 hujusmodi

286 3074 405 3140 exitus
423 3070 559 3143 causam
575 3066 696 3144 inille:
722 3095 799 3163 quae
820 3094 912 3146 vero
934 3086 1148 3160 caeterorum
1164 3071 1202 3142 in
1226 3070 1352 3164 natali-
1402 3085 1404 3090 ·

285 3172 344 3239 tiis
364 3172 545 3258 extiterit,
574 3173 708 3243 causam
721 3194 797 3244 non
813 3171 934 3262 inille,
962 3170 1020 3242 sed
1035 3173 1109 3263 ejus
1123 3169 1235 3242 modo
1251 3155 1367 3261 ugni-²
1383 3219 1387 3230 ·

285 3267 495 3342 ficationem
511 3271 661 3360 aliquam
678 3271 819 3346 dedille.
870 3271 952 3346 Nec
968 3271 1082 3344 minus
1098 3267 1261 3352 insulsum
1275 3270 1351 3339 lue·
1431 3261 1439 3276 '

284 3370 354 3458 rit,
383 3370 548 3442 omnibns
564 3390 605 3441 ac
619 3369 758 3465 fingulis
774 3371 925 3476 plurium
943 3367 1089 3442 istoruni
1104 3368 1270 3469 natalitiis
1285 3369 1351 3439 ho·
1405 3427 1408 3431 .

285 3469 391 3539 minis
415 3471 517 3540 tinius
533 3470 635 3541 caedis
655 3467 791 3544 causam
805 3469 1011 3544 includere:
1037 3463 1130 3562 quasr
1149 3463 1352 3565 generatio·

284 3569 390 3639 nibus
406 3589 451 3640 ex
465 3567 654 3660 hypothesi
671 3570 944 3666 quinquaginta,
973 3571 1062 3641 certi
1074 3570 1178 3641 unius
1194 3567 1348 3640 hominis

286 3669 421 3740 occisio
443 3666 698 3760 comprehensa
715 3683 911 3743 teneretur.
962 3670 1038 3761 Jam
1051 3669 1251 3765 intelligere
1266 3685 1349 3762 pro·

285 3766 384 3855 ferlo
398 3788 473 3864 non
488 3765 651 3858 polium,
680 3772 739 3860 qui
754 3769 898 3842 tandem
911 3770 1054 3864 Judaeos
1070 3789 1196 3841 omnes
1217 3788 1259 3838 ea
1272 3763 1350 3840 nas·
1457 3777 1465 3807 ¹

285 3870 318 3938 ci
342 3865 515 3938 astrorum
540 3868 720 3958 pofitione
740 3869 957 3960 defendent,
991 3881 1033 3939 ut
1048 3865 1183 3940 ottavo
1212 3866 1269 3939 die
1284 3865 1351 3936 cir-

284 3968 437 4038 cumcidi
456 3966 603 4039 cunctos
624 3983 819 4060 oporteat,
845 3963 966 4062 itaque
986 3964 1116 4040 stamma
1140 3977 1224 4039 cute
1251 3980 1351 4036 trun·

283 4065 380 4159 cari,
408 4069 591 4158 torqueri,
619 4069 758 4140 ardenti
779 4083 923 4142 tumore
942 4064 1175 4161 inflammari,
1194 4057 1354 4140 lacerati
1389 4079 1393 4085 '
1458 4102 1465 4122 ⁴

1188 4167 1325 4237 uulne-
