3417 4692
348 429 420 524 ,rr
670 417 1131 524 narr-,aurs¹

348 609 432 662 cum
445 583 574 660 diuum
590 584 658 662 est:
688 585 858 682 Posteriora
871 611 938 658 mea
953 585 1088 656 videbis.
1112 580 1225 671 lVrdit
1243 595 1339 680 ergo
1353 601 1421 674 po-

348 687 500 764 steriora
514 687 602 778 eius.
646 687 750 760 Vidit
764 688 858 760 enim
877 708 954 778 quae
966 687 1009 758 -in
1025 681 1290 778 posterioribus
1310 681 1425 754 &no-

348 787 492 872 vissimis
514 786 640 860 diebus
651 784 742 859 fasta
753 784 853 877 sunt,
881 783 1068 882 &gavisus
1090 783 1152 856 est.
1206 782 1313 854 Sicut
1328 782 1426 856 enim

347 883 533 962 Abraham
551 886 768 980 concupivit
788 887 914 959 videre
932 886 1026 959 diem
1045 883 1222 968 Domini,
1250 881 1287 954 dt
1308 881 1425 973 vidit,

342 985 385 1062 'dt
402 984 543 1084 gauisus
558 985 628 1060 est:
654 987 704 1059 ita
726 987 760 1059 dr
778 984 928 1080 Moyses
945 983 1160 1078 concupivit
1178 981 1311 1054 videre
1329 982 1425 1056 diem

346 1081 523 1177 Domini,
551 1083 722 1177 &vidit,
749 1082 940 1182 &gavisus
957 1083 1034 1158 estr
1061 1087 1095 1155 dr
1108 1077 1312 1155 necell'ario
1327 1080 1426 1174 gavi·

346 1181 405 1260 sus
418 1184 489 1276 est,
516 1186 680 1280 quiajam
694 1206 771 1258 non
785 1183 899 1259 solum
914 1186 1022 1257 vultu
1036 1178 1258 1279 glorificatus
1277 1179 1426 1254 descen

348 1283 405 1358 dit
419 1283 464 1358 de
480 1299 628 1376 monte,
654 1282 714 1359 sed
733 1298 835 1358 totus
851 1282 1075 1381 glorificatus
1093 1279 1252 1354 ascendit
1265 1282 1307 1355 in
1321 1301 1427 1354 mon-

348 1395 436 1460 tem.
490 1383 643 1458 Gavisus
660 1383 711 1460 est
731 1384 804 1458 fine
827 1385 940 1459 dubio
956 1381 1134 1478 Moyses,
1157 1379 1257 1472 quod
1276 1401 1366 1454 eum
1382 1380 1426 1454 de
1472 1399 1474 1404 ·

350 1503 427 1578 quo
450 1482 613 1558 dixerat:
645 1486 833 1581 Prophetam
853 1487 942 1555 vobis
954 1482 1126 1574 suscitabit
1149 1485 1313 1552 Dominus
1341 1487 1428 1552 neus

347 1585 452 1681 vester
467 1609 506 1654 rx
515 1583 679 1676 fratribus
693 1585 817 1680 veſtris,
828 1585 904 1675 ficut
916 1587 1064 1666 meipsum
1079 1583 1218 1653 audietis
1224 1603 1281 1677 per
1297 1586 1428 1653 omnia:

349 1703 449 1758 nunc
462 1681 577 1758 adolle
591 1685 782 1778 cernebat,
810 1682 961 1760 &fidem
974 1684 1094 1758 fecere
1110 1678 1337 1754 sermonibus
1348 1680 1428 1754 suis.

348 1779 401 1858 Et
421 1804 468 1856 ne
492 1781 720 1858 c'und'taretur
735 1784 773 1858 in
793 1787 937 1877 aliquo,
963 1783 1063 1857 audit
1081 1795 1266 1876 paternam
1291 1801 1429 1854 vocem

350 1880 554 1959 dicentem:
589 1888 651 1955 Hic
666 1883 707 1982 ιβ
719 1885 815 1976 filius
837 1911 920 1956 meus
937 1883 1092 1968 disesiae,
1118 1886 1156 1952 in
1171 1907 1230 1977 qua
1246 1882 1335 1950 milri
1352 1881 1429 1952 bem

348 1983 545 2076 cemplacui:
573 1984 670 2080 ipsum
693 1986 812 2056 audire.
864 1981 1016 2078 Moyses
1039 1979 1172 2055 dudum
1192 1979 1309 2056 dixit:
1338 1983 1431 2054 idun

350 2083 510 2156 redieris:
537 2104 634 2156 nunc
650 2097 752 2178 pater
771 2085 878 2176 dicit,
904 2083 1109 2182 bicefl'filius
1126 2105 1230 2168 meus,
1256 2081 1357 2175 ipsum
1370 2105 1431 2152 arr-
1472 2113 1474 2134 ι

351 2183 442 2254 dire:
470 2181 727 2275 &praesentem
739 2181 789 2256 de
808 2203 882 2275 qno
898 2181 1008 2270 dicit,
1034 2180 1203 2255 ostendit.
1255 2178 1431 2254 Gaudere

333 2280 461 2355 etiam
488 2281 573 2355 mihi
603 2299 671 2373 pro
695 2283 768 2355 hoc
797 2283 942 2356 videtur
972 2279 1152 2375 Moyses,
1186 2282 1269 2371 quia
1292 2279 1328 2351 &
1353 2277 1429 2375 ipse

352 2380 626 2473 quodammodo
657 2402 755 2464 nunc
784 2381 936 2476 deponit
962 2384 1129 2456 velamen
1155 2377 1357 2452 conversus
1383 2379 1428 2452 ad

352 2475 578 2567 Dor'nlnum,
614 2501 695 2554 curn
716 2482 906 2555 evidenter
927 2504 1005 2573 quae
1027 2480 1190 2575 praedixit
1212 2479 1426 2572 implenturt

352 2583 417 2654 vel
441 2601 522 2652 cum
546 2593 688 2674 tempus
710 2583 885 2675 advenit,
918 2598 960 2656 ut
986 2581 1243 2676 perspiritum
1268 2576 1427 2654 sannen

352 2699 432 2774 quae
451 2682 645 2754 obtexerat
663 2684 884 2758 revelentur.

429 2804 465 2868 4·
492 2778 751 2858 Retradtandus
771 2797 890 2855 tarnen
912 2779 963 2853 est
979 2778 1083 2854 lensii
1101 2776 1269 2873 Apostoli
1290 2776 1427 2873 sensus,

353 2878 390 2954 dr
407 2877 721 2975 considerandum,
742 2882 826 2973 quid
843 2882 876 2954 ei
892 2879 1006 2955 visum
1023 2876 1360 2972 srt,·cun1dirrillet:
1386 2883 1426 2952 Si

353 2996 460 3053 autem
473 2980 641 3063 conversus
657 2986 728 3076 quis
739 2982 849 3072 fuerit
865 2983 906 3052 ad
925 2986 1119 3063 Dominum,
1145 2980 1314 3071 auferetur
1337 2983 1428 3050 vesa-

351 3103 447 3166 num,
473 3092 515 3151 ut
531 3080 697 3167 adderet,
727 3086 886 3154 Dominus
896 3099 1002 3153 aurem
1011 3083 1149 3175 spiritus
1163 3079 1222 3177 esi:
1249 3099 1315 3174 per
1328 3077 1427 3172 quod

354 3179 451 3272 quali
476 3180 705 3272 interpretari
730 3180 876 3254 videtur
901 3182 985 3273 quid
1011 3181 1062 3254 est
1081 3181 1273 3254 Dominus.
1335 3182 1425 3282 Quis

355 3280 452 3352 enirn
475 3278 609 3374 nescit,
646 3281 745 3372 quod
763 3281 942 3355 Dominus
961 3279 1101 3375 spiritus
1121 3278 1205 3353 esti
1233 3278 1303 3352 Sed
1326 3302 1429 3354 num·

354 3377 441 3472 quid
458 3379 495 3449 in
514 3378 692 3453 hocloco
714 3381 759 3454 de
776 3380 925 3454 Domini
943 3382 1005 3453 vel
1021 3395 1170 3471 natura,
1196 3381 1259 3451 vel
1271 3377 1429 3453 substan-

352 3475 661 3571 rinnandans,
688 3493 730 3552 ut
745 3480 884 3554 diceret
904 3484 985 3573 quia
1000 3480 1180 3553 Dominus
1193 3477 1336 3571 spiritns
1352 3480 1428 3554 esti

340 3577 555 3652 'Videamus
578 3599 667 3673 ergo
691 3602 738 3654 ne
761 3601 837 3653 non
856 3579 969 3654 solum
995 3602 1077 3652 cum
1093 3578 1244 3671 Moyses
1269 3580 1427 3674 legitur,

355 3675 417 3753 sed
436 3678 470 3750 dt
490 3697 571 3752 curn
585 3677 713 3752 Paulus
732 3679 884 3775 legitur,
911 3680 1079 3753 velamen
1099 3680 1140 3752 lit
1155 3674 1309 3769 positum
1323 3678 1429 3773 super

357 3796 426 3851 eor
446 3776 619 3854 nostrum.
670 3774 937 3870 Etmanifeste,
965 3781 987 3853 sr
1008 3779 1230 3875 negligenter
1249 3778 1430 3872 audimus,

356 3876 487 3954 flnihil
505 3875 610 3951 studii
629 3877 673 3951 ad
693 3879 986 3952 eruditionem&
1009 3879 1282 3975 intelligentiam
1302 3879 1432 3953 conse·

358 3978 495 4071 rimus,
531 3998 607 4052 non
628 3975 742 4052 solum
772 3980 860 4073 legis
883 3979 917 4053 &
941 3978 1203 4070 Prophetarum
1227 3976 1429 4072 scriptura,

299 4073 421 4223 spa
445 4075 480 4156 dr
506 4073 771 4180 Apostolorum
798 4079 833 4152 dr
861 4075 1146 4181 Evangeliorum
1169 4078 1293 4178 grandi
1320 4081 1443 4155 nobis'

1281 4181 1382 4253 uela·
