3417 4692
336 390 407 469 174
475 341 478 360 '
652 307 1118 470 onrouurs¹

329 555 407 612 non
426 533 582 625 indicet,
606 552 677 606 nec
699 533 767 607 erit
786 533 956 628 provisor
979 536 1154 629 hominio,
1188 555 1259 613 nec
1277 541 1390 618 credi·

328 650 389 712 tur
404 653 529 708 curare
541 631 716 708 mortalia„
742 633 906 708 indicans
918 636 1025 730 igitur
1044 636 1145 722 Deus
1160 638 1387 738 hominibus,

330 757 409 829 quae
424 755 489 807 eos
505 751 609 827 agere
627 733 727 821 vult,
755 752 828 825 quo
847 734 1053 829 patiffirnum
1068 735 1197 810 assessu
1216 737 1389 816 dicendus

330 836 383 912 est
408 829 593 908 indicaret
627 829 766 906 Nonne
789 835 864 924 eo',
900 834 959 925 qui
982 832 1184 910 hominibus
1206 837 1389 926 inusu&

330 933 463 1010 notitia
477 928 552 1008 ests
578 930 615 1004 Si
634 931 729 1004 enirn
742 930 868 1024 (verbi
886 931 1008 1032 causa)
1027 935 1197 1030 dicamus,
1215 939 1297 1030 quio
1311 939 1389 1016 silut

328 1033 459 1127 Deus,
484 1029 583 1125 quod
603 1046 739 1104 naturae
761 1030 814 1106 illi
837 1035 1064 1107 conveniens
1092 1037 1271 1131 creditur,
1299 1061 1388 1130 quo·

329 1133 442 1210 ruodo
455 1131 648 1206 indicatum
662 1129 731 1204 esse
746 1129 876 1223 aliquid
892 1132 936 1206 ab
950 1134 1195 1228 eopunbitur
1210 1158 1276 1231 per
1288 1138 1388 1214 srlen·

328 1231 451 1310 rium?
485 1230 596 1306 Nunc
629 1241 748 1304 autem
778 1231 916 1306 idcirco
945 1231 1117 1326 loquutus
1149 1237 1305 1313 dicitur:
1345 1253 1388 1312 ut

305 1334 478 1411 ,seientes
500 1331 664 1408 homines
686 1329 760 1404 hoc
776 1330 970 1406 ministerio
994 1334 1218 1410 voluntatem
1241 1338 1400 1418 alterius.

329 1433 432 1508 elteri
444 1428 691 1520 innotescere,
717 1427 912 1527 agnoscant
926 1455 969 1506 ea
983 1453 1061 1524 quo
1076 1433 1138 1508 srbi
1152 1455 1216 1530 per
1229 1437 1385 1534 prophe·

328 1549 384 1610 tas
402 1529 638 1624 deseruntur,
663 1529 735 1604 Dei
751 1529 820 1604 esse
835 1535 1036 1606 voluntatis
1055 1533 1195 1610 indicia.
1246 1536 1288 1609 In
1310 1539 1387 1630 qui·

326 1636 394 1710 bus
415 1633 540 1724 utique
558 1651 637 1716 non
656 1630 867 1728 intelligitur
885 1633 1055 1706 voluntas
1075 1633 1146 1707 Dei
1178 1639 1385 1732 contineri,

325 1734 389 1810 nisi
418 1755 460 1808 ea
486 1734 659 1823 loquutus
687 1730 851 1806 dicatur:
893 1734 974 1824 quia
1001 1753 1071 1806 nec
1098 1732 1278 1825 sentitur,
1315 1758 1385 1812 nec

326 1832 536 1929 intelligitur
555 1832 649 1904 inter
664 1828 829 1904 homines
847 1831 995 1905 indicari
1015 1853 1169 1922 unquam
1196 1833 1298 1928 posse
1318 1859 1384 1930 per

324 1929 750 2014 silentiumvoluntatern.
775 1926 846 2002 Sed
861 1929 938 2002 haec
951 1930 1086 2002 rursum
1101 1952 1176 2004 non
1191 1932 1384 2014 secundum

326 2052 486 2109 errorem
505 2027 734 2124 Judaeorum,
758 2027 948 2102 ueletiam
968 2049 1015 2102 ex
1031 2025 1161 2100 nostris
1186 2039 1388 2110 nonnullo·

324 2155 426 2224 rum,
452 2131 512 2219 qui
527 2147 608 2202 curn
623 2128 692 2200 illis
710 2138 849 2221 errant,
875 2140 1023 2202 eatenus
1039 2124 1208 2223 dicimus,
1233 2146 1275 2204 ut
1295 2159 1382 2227 quo·

322 2238 418 2310 niam
435 2229 588 2304 humana
601 2225 771 2323 fragilitas
789 2227 892 2300 aliter
912 2225 1034 2300 audire
1051 2228 1095 2300 de
1114 2227 1199 2302 Deo
1220 2251 1297 2304 non
1317 2259 1384 2327 po.

322 2331 416 2426 test,
441 2326 504 2402 nisr
518 2338 561 2402 ut
576 2326 639 2402 srbi
653 2345 710 2399 res
726 2321 819 2421 ipse,
846 2325 882 2400 δι
900 2328 1082 2400 vocabula
1097 2342 1186 2402 nota
1204 2326 1304 2424 sunt,
1331 2337 1384 2408 id-

324 2437 425 2508 eirco
442 2428 548 2502 etiarn
567 2427 736 2502 membris
750 2427 826 2500 haec
843 2425 973 2500 nostris
993 2427 1179 2520 fimilibus,
1205 2429 1383 2514 &habitu

321 2535 481 2612 humano
499 2525 617 2602 Deum
635 2546 739 2623 agere
756 2522 955 2601 sentiamus.
991 2526 1159 2601 Alienum
1176 2525 1250 2602 hoe
1269 2530 1319 2604 est
1336 2536 1381 2606 ab

320 2629 489 2709 Ecclesrae
500 2623 583 2702 fide.
609 2625 679 2700 Sed
691 2625 765 2699 hoc
775 2624 887 2718 ipsum
900 2625 998 2718 quod
1011 2627 1072 2700 vel
1084 2624 1237 2721 adspirat
1251 2630 1288 2704 in
1301 2652 1382 2704 cor·

228 2768 230 2773 ⁴
322 2735 369 2809 de
384 2726 654 2819 uniuscuiusque
670 2723 889 2817 sanstorurn,
914 2727 978 2799 vel
992 2724 1117 2799 sonurn
1136 2727 1238 2800 vocis
1251 2751 1381 2823 perve-

321 2834 401 2910 nire
417 2829 460 2908 ad
476 2846 578 2900 aures
594 2826 669 2918 ejus
685 2824 795 2916 facit,
819 2825 993 2916 loquutus
1015 2824 1152 2898 homini
1170 2827 1271 2900 Deus
1295 2831 1380 2903 dici·

320 2949 393 3010 tur.
442 2926 501 3001 Sic
518 2925 646 3000 &curn
661 2939 751 2999 nota
767 2924 830 2998 fibi
848 2921 918 2998 esse
933 2924 1089 3015 indicat,
1108 2943 1186 3014 quae
1201 2927 1379 3021 unusquis-

323 3055 395 3128 que
412 3027 474 3105 vel
489 3025 676 3118 loquitur,
701 3023 764 3098 vel
785 3024 879 3120 agit,
906 3023 1037 3098 audisse
1059 3023 1219 3099 sedicit:
1246 3027 1398 3104 &cunr-

323 3123 632 3225 aliquidinjustum
648 3126 723 3222 geri
741 3123 883 3197 anobis
901 3124 1056 3216 indicet,
1090 3122 1190 3197 irasci
1215 3123 1250 3199 se
1274 3127 1378 3204 dicit:

323 3253 406 3308 cum
424 3217 608 3302 beneficiis
623 3222 690 3298 suis
708 3223 868 3320 ingratos
886 3243 955 3295 nos
972 3226 1116 3322 arguit,
1153 3227 1328 3316 poenitere
1344 3226 1380 3303 se

320 3332 426 3408 dicit:
451 3327 610 3402 indicans
627 3325 770 3416 quidem
787 3323 863 3396 haec
878 3321 934 3395 his
947 3321 1158 3415 uffeffibus,
1187 3327 1247 3417 qui
1265 3329 1380 3404 horni-

320 3432 427 3508 nibus
443 3427 482 3502 in
503 3422 566 3498 usu
582 3420 686 3515 sunt,
718 3441 795 3498 non
813 3435 935 3496 tamen
954 3422 1008 3496 his
1025 3426 1193 3500 membris
1219 3448 1261 3500 ea
1276 3429 1380 3501 mini·

319 3529 454 3623 suant,
470 3546 548 3618 quae
560 3534 898 3614 nature-corporea
910 3518 1001 3597 sunt.
1052 3523 1209 3618 Simplex
1227 3547 1380 3618 namque

319 3629 373 3708 est
393 3631 454 3704 illa
478 3621 693 3714 substantia,
726 3621 761 3696 δι
784 3641 903 3714 neque
923 3623 1093 3696 membris
1107 3623 1220 3715 ullis,
1239 3647 1378 3718 -neque

319 3724 610 3825 compaginibus,
635 3718 1107 3816 affeeubusquecomponta,
1133 3721 1193 3797 sed
1208 3724 1378 3816 quicquid

319 3830 451 3906 divinis
478 3823 671 3904 virtutibus
700 3823 862 3920 geritur,
892 3821 967 3896 hoc
985 3834 1028 3894 ut
1046 3822 1211 3898 homines
1234 3823 1378 3919 possent

316 3930 534 4024 intelligere,
559 3939 621 3996 aut
633 3922 871 3998 humanorum
881 3921 1126 3997 membrorum
1135 3925 1377 4017 appellatione

315 4027 524 4130 profertur,
549 4038 613 4102 rut
633 4023 880 4112 communibus
895 4021 931 4096 st
948 4022 1048 4104 notis
1065 4024 1276 4197 enunciggirg
1292 4021 1395 4098 affe·

1270 4143 1322 4198 us.
