<?xml version="1.0" encoding="UTF-8"?>
<!DOCTYPE html PUBLIC "-//W3C//DTD XHTML 1.0 Transitional//EN"
    "http://www.w3.org/TR/xhtml1/DTD/xhtml1-transitional.dtd">
<html xmlns="http://www.w3.org/1999/xhtml" xml:lang="en" lang="en">
 <head>
  <title>
</title>
<meta http-equiv="Content-Type" content="text/html;charset=utf-8" />
  <meta name='ocr-system' content='tesseract 3.04.00' />
  <meta name='ocr-capabilities' content='ocr_page ocr_carea ocr_par ocr_line ocrx_word'/>
</head>
<body>
  <div class='ocr_page' id='page_1' title='image "./operaomniasanct02unkngoog/operaomniasanct02unkngoog_0079.png"; bbox 0 0 3417 4692; ppageno 0'>
   <div class='ocr_carea' id='block_1_1' title="bbox 495 285 1348 453">
    <p class='ocr_par' dir='ltr' id='par_1_1' title="bbox 495 285 1348 453">
     <span class='ocr_line' id='line_1_1' title="bbox 495 285 1348 453; baseline -0.001 -17"><span class='ocrx_word' id='word_1_1' title='bbox 495 285 741 436; x_wconf 72' lang='lat' dir='ltr'>¹SEIAE‘I&#39;A</span> <span class='ocrx_word' id='word_1_2' title='bbox 765 351 831 432; x_wconf 91' lang='lat' dir='ltr'>IN</span> <span class='ocrx_word' id='word_1_3' title='bbox 856 349 1150 436; x_wconf 82' lang='lat' dir='ltr'><strong>GENESIM.</strong></span> <span class='ocrx_word' id='word_1_4' title='bbox 1299 359 1348 453; x_wconf 87' lang='lat'>65</span> 
     </span>
    </p>
   </div>
   <div class='ocr_carea' id='block_1_2' title="bbox 237 520 1442 4216">
    <p class='ocr_par' dir='ltr' id='par_1_2' title="bbox 237 520 1442 4216">
     <span class='ocr_line' id='line_1_2' title="bbox 279 520 1350 620; baseline -0.008 -20"><span class='ocrx_word' id='word_1_5' title='bbox 279 527 320 620; x_wconf 79' lang='lat' dir='ltr'>id</span> <span class='ocrx_word' id='word_1_6' title='bbox 335 521 436 620; x_wconf 83' lang='lat' dir='ltr'>quod</span> <span class='ocrx_word' id='word_1_7' title='bbox 450 521 500 596; x_wconf 83' lang='lat' dir='ltr'>ita</span> <span class='ocrx_word' id='word_1_8' title='bbox 518 522 665 596; x_wconf 86' lang='lat' dir='ltr'>diciturt</span> <span class='ocrx_word' id='word_1_9' title='bbox 693 525 796 594; x_wconf 76' lang='lat' dir='ltr'>Dixit</span> <span class='ocrx_word' id='word_1_10' title='bbox 813 525 923 592; x_wconf 81' lang='lat' dir='ltr'>Deus:</span> <span class='ocrx_word' id='word_1_11' title='bbox 943 525 1099 614; x_wconf 75' lang='lat' dir='ltr'>germinet</span> <span class='ocrx_word' id='word_1_12' title='bbox 1116 536 1204 593; x_wconf 82' lang='lat' dir='ltr'>terta</span> <span class='ocrx_word' id='word_1_13' title='bbox 1221 520 1350 593; x_wconf 75' lang='lat' dir='ltr'>herbam</span> 
     </span>
     <span class='ocr_line' id='line_1_3' title="bbox 275 619 1350 724; baseline -0.009 -26"><span class='ocrx_word' id='word_1_14' title='bbox 275 627 390 724; x_wconf 72' lang='lat' dir='ltr'>faui,</span> <span class='ocrx_word' id='word_1_15' title='bbox 409 625 571 716; x_wconf 81' lang='lat' dir='ltr'>seminans</span> <span class='ocrx_word' id='word_1_16' title='bbox 582 623 684 710; x_wconf 79' lang='lat' dir='ltr'>semen</span> <span class='ocrx_word' id='word_1_17' title='bbox 699 626 796 718; x_wconf 80' lang='lat' dir='ltr'>juxta</span> <span class='ocrx_word' id='word_1_18' title='bbox 811 645 909 716; x_wconf 78' lang='lat' dir='ltr'>gemus</span> <span class='ocrx_word' id='word_1_19' title='bbox 928 619 966 696; x_wconf 72' lang='lat' dir='ltr'>ci</span> <span class='ocrx_word' id='word_1_20' title='bbox 976 701 979 706; x_wconf 61' lang='grc'><strong>,</strong></span> <span class='ocrx_word' id='word_1_21' title='bbox 985 623 1153 714; x_wconf 67' lang='lat' dir='ltr'>secundum</span> <span class='ocrx_word' id='word_1_22' title='bbox 1160 621 1350 718; x_wconf 73' lang='lat' dir='ltr'>fimilituli.</span> 
     </span>
     <span class='ocr_line' id='line_1_4' title="bbox 284 719 1442 817; baseline -0.003 -17"><span class='ocrx_word' id='word_1_23' title='bbox 284 751 384 800; x_wconf 80' lang='lat' dir='ltr'>mm:</span> <span class='ocrx_word' id='word_1_24' title='bbox 407 745 483 799; x_wconf 88' lang='lat' dir='ltr'>non</span> <span class='ocrx_word' id='word_1_25' title='bbox 501 723 596 798; x_wconf 87' lang='lat' dir='ltr'>enim</span> <span class='ocrx_word' id='word_1_26' title='bbox 610 719 716 796; x_wconf 81' lang='lat' dir='ltr'>facile</span> <span class='ocrx_word' id='word_1_27' title='bbox 737 733 915 817; x_wconf 78' lang='lat' dir='ltr'><strong>congruat</strong></span> <span class='ocrx_word' id='word_1_28' title='bbox 929 720 1038 813; x_wconf 88' lang='lat' dir='ltr'>illud,</span> <span class='ocrx_word' id='word_1_29' title='bbox 1058 721 1240 811; x_wconf 81' lang='lat' dir='ltr'>seminans,</span> <span class='ocrx_word' id='word_1_30' title='bbox 1267 742 1351 798; x_wconf 86' lang='lat' dir='ltr'>curn</span> <span class='ocrx_word' id='word_1_31' title='bbox 1439 789 1442 796; x_wconf 15' lang='grc' dir='ltr'><em>Α</em></span> 
     </span>
     <span class='ocr_line' id='line_1_5' title="bbox 282 817 1352 920; baseline -0.006 -18"><span class='ocrx_word' id='word_1_32' title='bbox 282 845 410 920; x_wconf 81' lang='lat' dir='ltr'>voce,</span> <span class='ocrx_word' id='word_1_33' title='bbox 436 825 564 894; x_wconf 75' lang='lat' dir='ltr'>aeriam</span> <span class='ocrx_word' id='word_1_34' title='bbox 581 823 676 914; x_wconf 83' lang='lat' dir='ltr'>femi.</span> <span class='ocrx_word' id='word_1_35' title='bbox 729 824 816 920; x_wconf 91' lang='lat' dir='ltr'>Quo</span> <span class='ocrx_word' id='word_1_36' title='bbox 845 817 950 914; x_wconf 76' lang='lat' dir='ltr'>pauo</span> <span class='ocrx_word' id='word_1_37' title='bbox 967 820 1073 894; x_wconf 84' lang='lat' dir='ltr'>etiam</span> <span class='ocrx_word' id='word_1_38' title='bbox 1094 822 1184 895; x_wconf 89' lang='lat' dir='ltr'>citra</span> <span class='ocrx_word' id='word_1_39' title='bbox 1201 817 1352 896; x_wconf 83' lang='lat' dir='ltr'>soloecis·</span> 
     </span>
     <span class='ocr_line' id='line_1_6' title="bbox 283 920 1351 1113; baseline -0.004 -13"><span class='ocrx_word' id='word_1_40' title='bbox 283 922 715 1113; x_wconf 51' lang='lat' dir='ltr'>auretium</span> <span class='ocrx_word' id='word_1_41' title='bbox 737 920 1351 1098; x_wconf 48' lang='lat' dir='ltr'>terr‘irritatam</span> 
     </span>
     <span class='ocr_line' id='line_1_7' title="bbox 286 1075 1353 1220; baseline -0.006 -20"><span class='ocrx_word' id='word_1_42' title='bbox 286 1125 365 1220; x_wconf 89' lang='lat' dir='ltr'>quis</span> <span class='ocrx_word' id='word_1_43' title='bbox 377 1075 681 1200; x_wconf 60' lang='lat' dir='ltr'>sub’distintlione</span> <span class='ocrx_word' id='word_1_44' title='bbox 695 1076 803 1196; x_wconf 75' lang='lat' dir='ltr'>medii</span> <span class='ocrx_word' id='word_1_45' title='bbox 820 1117 1001 1213; x_wconf 74' lang='lat' dir='ltr'>puntliita</span> <span class='ocrx_word' id='word_1_46' title='bbox 1017 1120 1158 1215; x_wconf 86' lang='lat' dir='ltr'>legere:</span> <span class='ocrx_word' id='word_1_47' title='bbox 1186 1123 1353 1194; x_wconf 83' lang='lat' dir='ltr'>Germimt</span> 
     </span>
     <span class='ocr_line' id='line_1_8' title="bbox 283 1217 1351 1317; baseline -0.004 -19"><span class='ocrx_word' id='word_1_48' title='bbox 283 1243 376 1298; x_wconf 80' lang='lat' dir='ltr'>terro</span> <span class='ocrx_word' id='word_1_49' title='bbox 403 1224 529 1293; x_wconf 78' lang='lat' dir='ltr'><em>herbam</em></span> <span class='ocrx_word' id='word_1_50' title='bbox 543 1221 655 1315; x_wconf 77' lang='lat' dir='ltr'>seiri5</span> <span class='ocrx_word' id='word_1_51' title='bbox 689 1237 836 1312; x_wconf 91' lang='lat' dir='ltr'>tumque</span> <span class='ocrx_word' id='word_1_52' title='bbox 861 1217 1111 1316; x_wconf 82' lang='lat' dir='ltr'>distinguendo</span> <span class='ocrx_word' id='word_1_53' title='bbox 1131 1219 1351 1317; x_wconf 83' lang='lat' dir='ltr'>adjungere,</span> 
     </span>
     <span class='ocr_line' id='line_1_9' title="bbox 279 1318 1352 1419; baseline -0.004 -24"><span class='ocrx_word' id='word_1_54' title='bbox 279 1328 444 1418; x_wconf 75' lang='lat' dir='ltr'>seminans</span> <span class='ocrx_word' id='word_1_55' title='bbox 460 1323 565 1412; x_wconf 83' lang='lat' dir='ltr'>semem</span> <span class='ocrx_word' id='word_1_56' title='bbox 582 1326 681 1419; x_wconf 77' lang='lat' dir='ltr'>juxto</span> <span class='ocrx_word' id='word_1_57' title='bbox 701 1347 819 1416; x_wconf 83' lang='lat' dir='ltr'>genus,</span> <span class='ocrx_word' id='word_1_58' title='bbox 841 1333 883 1392; x_wconf 93' lang='lat' dir='ltr'>ut</span> <span class='ocrx_word' id='word_1_59' title='bbox 906 1318 969 1409; x_wconf 83' lang='lat' dir='ltr'>fit,</span> <span class='ocrx_word' id='word_1_60' title='bbox 990 1325 1145 1412; x_wconf 79' lang='lat' dir='ltr'>germinet</span> <span class='ocrx_word' id='word_1_61' title='bbox 1166 1335 1253 1392; x_wconf 85' lang='lat' dir='ltr'>terra</span> <span class='ocrx_word' id='word_1_62' title='bbox 1279 1321 1352 1391; x_wconf 77' lang='lat' dir='ltr'>lter·</span> 
     </span>
     <span class='ocr_line' id='line_1_10' title="bbox 286 1419 1352 1521; baseline -0.003 -23"><span class='ocrx_word' id='word_1_63' title='bbox 286 1427 357 1498; x_wconf 79' lang='lat' dir='ltr'>iam</span> <span class='ocrx_word' id='word_1_64' title='bbox 371 1423 475 1518; x_wconf 83' lang='lat' dir='ltr'>freni,</span> <span class='ocrx_word' id='word_1_65' title='bbox 495 1429 594 1521; x_wconf 82' lang='lat' dir='ltr'>juxto</span> <span class='ocrx_word' id='word_1_66' title='bbox 611 1447 706 1515; x_wconf 80' lang='lat' dir='ltr'>gemus</span> <span class='ocrx_word' id='word_1_67' title='bbox 715 1423 880 1512; x_wconf 84' lang='lat' dir='ltr'>seminans</span> <span class='ocrx_word' id='word_1_68' title='bbox 895 1421 1021 1509; x_wconf 85' lang='lat' dir='ltr'>semen,</span> <span class='ocrx_word' id='word_1_69' title='bbox 1047 1419 1169 1494; x_wconf 81' lang='lat' dir='ltr'>celatia</span> <span class='ocrx_word' id='word_1_70' title='bbox 1185 1421 1352 1496; x_wconf 70' lang='lat' dir='ltr'>muricum</span> 
     </span>
     <span class='ocr_line' id='line_1_11' title="bbox 286 1519 1066 1620; baseline -0.014 -20"><span class='ocrx_word' id='word_1_71' title='bbox 286 1526 330 1600; x_wconf 89' lang='lat' dir='ltr'>ad</span> <span class='ocrx_word' id='word_1_72' title='bbox 350 1548 467 1620; x_wconf 83' lang='lat' dir='ltr'>gemus,</span> <span class='ocrx_word' id='word_1_73' title='bbox 497 1522 640 1614; x_wconf 61' lang='lat' dir='ltr'>verbm,</span> <span class='ocrx_word' id='word_1_74' title='bbox 659 1522 822 1611; x_wconf 82' lang='lat' dir='ltr'>seminans</span> <span class='ocrx_word' id='word_1_75' title='bbox 844 1523 956 1603; x_wconf 74' lang='lat' dir='ltr'>lemen.</span> <span class='ocrx_word' id='word_1_76' title='bbox 1013 1545 1017 1554; x_wconf 92' lang='lat'><em>·</em></span> <span class='ocrx_word' id='word_1_77' title='bbox 1063 1519 1066 1524; x_wconf 71' lang='grc'><strong>’</strong></span> 
     </span>
     <span class='ocr_line' id='line_1_12' title="bbox 283 1616 1350 1718; baseline 0.009 -30"><span class='ocrx_word' id='word_1_78' title='bbox 283 1679 286 1688; x_wconf 92' lang='grc'>.</span> <span class='ocrx_word' id='word_1_79' title='bbox 344 1624 498 1711; x_wconf 70' lang='lat' dir='ltr'>crastin</span> <span class='ocrx_word' id='word_1_80' title='bbox 517 1619 556 1700; x_wconf 74' lang='lat'>(5</span> <span class='ocrx_word' id='word_1_81' title='bbox 577 1617 851 1718; x_wconf 69' lang='lat' dir='ltr'><em>multiplicamini]</em></span> <span class='ocrx_word' id='word_1_82' title='bbox 880 1616 1105 1694; x_wconf 85' lang='lat' dir='ltr'>Accretioue</span> <span class='ocrx_word' id='word_1_83' title='bbox 1134 1617 1350 1717; x_wconf 85' lang='lat' dir='ltr'>fignificatur</span> 
     </span>
     <span class='ocr_line' id='line_1_13' title="bbox 283 1720 1352 1816; baseline -0.002 -18"><span class='ocrx_word' id='word_1_84' title='bbox 283 1725 321 1798; x_wconf 89' lang='lat' dir='ltr'>in</span> <span class='ocrx_word' id='word_1_85' title='bbox 338 1724 512 1815; x_wconf 86' lang='lat' dir='ltr'>majorem</span> <span class='ocrx_word' id='word_1_86' title='bbox 531 1723 663 1795; x_wconf 90' lang='lat' dir='ltr'>molem</span> <span class='ocrx_word' id='word_1_87' title='bbox 680 1734 930 1816; x_wconf 83' lang='lat' dir='ltr'>augmentum,</span> <span class='ocrx_word' id='word_1_88' title='bbox 964 1720 1264 1814; x_wconf 87' lang='lat' dir='ltr'>multiplicatione</span> <span class='ocrx_word' id='word_1_89' title='bbox 1284 1743 1352 1796; x_wconf 88' lang='lat' dir='ltr'>vo·</span> 
     </span>
     <span class='ocr_line' id='line_1_14' title="bbox 283 1817 1299 1919; baseline 0.002 -23"><span class='ocrx_word' id='word_1_90' title='bbox 283 1844 328 1897; x_wconf 94' lang='lat' dir='ltr'>ro</span> <span class='ocrx_word' id='word_1_91' title='bbox 345 1845 410 1915; x_wconf 86' lang='lat' dir='ltr'>ea,</span> <span class='ocrx_word' id='word_1_92' title='bbox 431 1843 508 1915; x_wconf 90' lang='lat' dir='ltr'>quae</span> <span class='ocrx_word' id='word_1_93' title='bbox 523 1843 568 1895; x_wconf 90' lang='lat' dir='ltr'>ex</span> <span class='ocrx_word' id='word_1_94' title='bbox 585 1822 717 1914; x_wconf 88' lang='lat' dir='ltr'>copula</span> <span class='ocrx_word' id='word_1_95' title='bbox 731 1817 793 1913; x_wconf 89' lang='lat' dir='ltr'>fit,</span> <span class='ocrx_word' id='word_1_96' title='bbox 818 1818 1054 1893; x_wconf 90' lang='lat' dir='ltr'>multitudinis</span> <span class='ocrx_word' id='word_1_97' title='bbox 1071 1823 1299 1919; x_wconf 84' lang='lat' dir='ltr'>propagatio.</span> 
     </span>
     <span class='ocr_line' id='line_1_15' title="bbox 361 1920 1352 2016; baseline -0.001 -20"><span class='ocrx_word' id='word_1_98' title='bbox 361 1924 410 1996; x_wconf 87' lang='lat' dir='ltr'>Et</span> <span class='ocrx_word' id='word_1_99' title='bbox 434 1926 521 1993; x_wconf 75' lang='lat' dir='ltr'>lixit</span> <span class='ocrx_word' id='word_1_100' title='bbox 548 1926 657 1994; x_wconf 85' lang='lat' dir='ltr'>Deus:</span> <span class='ocrx_word' id='word_1_101' title='bbox 686 1924 850 1991; x_wconf 67' lang='lat' dir='ltr'>Faciamus</span> <span class='ocrx_word' id='word_1_102' title='bbox 870 1920 1027 1990; x_wconf 78' lang='lat' dir='ltr'>hominem</span> <span class='ocrx_word' id='word_1_103' title='bbox 1049 1923 1100 1992; x_wconf 82' lang='lat' dir='ltr'>nd-</span> <span class='ocrx_word' id='word_1_104' title='bbox 1113 1927 1276 2016; x_wconf 78' lang='lat' dir='ltr'>imaginem</span> <span class='ocrx_word' id='word_1_105' title='bbox 1296 1946 1352 1995; x_wconf 80' lang='lat' dir='ltr'>uo·</span> 
     </span>
     <span class='ocr_line' id='line_1_16' title="bbox 270 2015 1353 2124; baseline 0.004 -32"><span class='ocrx_word' id='word_1_106' title='bbox 270 2023 377 2124; x_wconf 64' lang='lat' dir='ltr'>liram</span> <span class='ocrx_word' id='word_1_107' title='bbox 393 2029 431 2096; x_wconf 73' lang='lat' dir='ltr'>(a</span> <span class='ocrx_word' id='word_1_108' title='bbox 438 2022 709 2118; x_wconf 69' lang='lat' dir='ltr'>fimilimlinem]</span> <span class='ocrx_word' id='word_1_109' title='bbox 734 2017 834 2092; x_wconf 87' lang='lat' dir='ltr'>Prius</span> <span class='ocrx_word' id='word_1_110' title='bbox 849 2015 1106 2094; x_wconf 86' lang='lat' dir='ltr'>discutiendum</span> <span class='ocrx_word' id='word_1_111' title='bbox 1116 2017 1180 2115; x_wconf 73' lang='lat' dir='ltr'>est,</span> <span class='ocrx_word' id='word_1_112' title='bbox 1193 2021 1353 2096; x_wconf 90' lang='lat' dir='ltr'>ubicon·</span> 
     </span>
     <span class='ocr_line' id='line_1_17' title="bbox 283 2120 1351 2214; baseline 0.004 -20"><span class='ocrx_word' id='word_1_113' title='bbox 283 2121 380 2214; x_wconf 83' lang='lat' dir='ltr'>fistat</span> <span class='ocrx_word' id='word_1_114' title='bbox 401 2121 510 2213; x_wconf 89' lang='lat' dir='ltr'>illud,</span> <span class='ocrx_word' id='word_1_115' title='bbox 542 2121 583 2192; x_wconf 80' lang='lat' dir='ltr'>al</span> <span class='ocrx_word' id='word_1_116' title='bbox 606 2126 793 2214; x_wconf 82' lang='lat' dir='ltr'>imaginem,</span> <span class='ocrx_word' id='word_1_117' title='bbox 826 2120 863 2192; x_wconf 92' lang='lat' dir='ltr'>in</span> <span class='ocrx_word' id='word_1_118' title='bbox 890 2139 1071 2214; x_wconf 88' lang='lat' dir='ltr'>corpore,</span> <span class='ocrx_word' id='word_1_119' title='bbox 1097 2142 1143 2194; x_wconf 86' lang='lat' dir='ltr'>au</span> <span class='ocrx_word' id='word_1_120' title='bbox 1167 2122 1205 2195; x_wconf 92' lang='lat' dir='ltr'>iu</span> <span class='ocrx_word' id='word_1_121' title='bbox 1225 2123 1351 2198; x_wconf 75' lang='lat' dir='ltr'>anima</span> 
     </span>
     <span class='ocr_line' id='line_1_18' title="bbox 283 2218 1352 2316; baseline 0.002 -23"><span class='ocrx_word' id='word_1_122' title='bbox 283 2218 335 2312; x_wconf 85' lang='lat' dir='ltr'>Et</span> <span class='ocrx_word' id='word_1_123' title='bbox 358 2221 397 2293; x_wconf 93' lang='lat' dir='ltr'>in</span> <span class='ocrx_word' id='word_1_124' title='bbox 421 2219 542 2312; x_wconf 90' lang='lat' dir='ltr'>primis</span> <span class='ocrx_word' id='word_1_125' title='bbox 564 2218 777 2313; x_wconf 86' lang='lat' dir='ltr'>videamus,</span> <span class='ocrx_word' id='word_1_126' title='bbox 809 2219 937 2310; x_wconf 91' lang='lat' dir='ltr'>quibus</span> <span class='ocrx_word' id='word_1_127' title='bbox 961 2233 1138 2316; x_wconf 88' lang='lat' dir='ltr'>utantur,</span> <span class='ocrx_word' id='word_1_128' title='bbox 1172 2222 1233 2314; x_wconf 91' lang='lat' dir='ltr'>qui</span> <span class='ocrx_word' id='word_1_129' title='bbox 1253 2221 1352 2314; x_wconf 91' lang='lat' dir='ltr'>prius</span> 
     </span>
     <span class='ocr_line' id='line_1_19' title="bbox 285 2315 1354 2415; baseline 0.002 -22"><span class='ocrx_word' id='word_1_130' title='bbox 285 2318 461 2394; x_wconf 80' lang='lat' dir='ltr'>afferunt:</span> <span class='ocrx_word' id='word_1_131' title='bbox 488 2338 685 2410; x_wconf 89' lang='lat' dir='ltr'>equorum</span> <span class='ocrx_word' id='word_1_132' title='bbox 706 2339 859 2394; x_wconf 89' lang='lat' dir='ltr'>numero</span> <span class='ocrx_word' id='word_1_133' title='bbox 884 2315 934 2392; x_wconf 86' lang='lat' dir='ltr'>est</span> <span class='ocrx_word' id='word_1_134' title='bbox 954 2318 1110 2411; x_wconf 77' lang='lat' dir='ltr'>Malim,</span> <span class='ocrx_word' id='word_1_135' title='bbox 1137 2321 1198 2411; x_wconf 89' lang='lat' dir='ltr'>qui</span> <span class='ocrx_word' id='word_1_136' title='bbox 1223 2317 1354 2415; x_wconf 83' lang='lat' dir='ltr'>scripta</span> 
     </span>
     <span class='ocr_line' id='line_1_20' title="bbox 285 2415 1353 2513; baseline 0.003 -22"><span class='ocrx_word' id='word_1_137' title='bbox 285 2419 455 2512; x_wconf 88' lang='lat' dir='ltr'>reliquit,</span> <span class='ocrx_word' id='word_1_138' title='bbox 483 2420 609 2510; x_wconf 90' lang='lat' dir='ltr'>quibus</span> <span class='ocrx_word' id='word_1_139' title='bbox 626 2415 742 2493; x_wconf 81' lang='lat' dir='ltr'>alierit</span> <span class='ocrx_word' id='word_1_140' title='bbox 756 2418 874 2492; x_wconf 89' lang='lat' dir='ltr'>Deum</span> <span class='ocrx_word' id='word_1_141' title='bbox 892 2437 1110 2513; x_wconf 89' lang='lat' dir='ltr'>corporeum</span> <span class='ocrx_word' id='word_1_142' title='bbox 1129 2417 1208 2494; x_wconf 83' lang='lat' dir='ltr'>effe.</span> <span class='ocrx_word' id='word_1_143' title='bbox 1235 2419 1353 2494; x_wconf 89' lang='lat' dir='ltr'>Mem·</span> 
     </span>
     <span class='ocr_line' id='line_1_21' title="bbox 284 2514 1354 2612; baseline -0.003 -18"><span class='ocrx_word' id='word_1_144' title='bbox 284 2514 466 2594; x_wconf 82' lang='lat' dir='ltr'>bra&#39;enim</span> <span class='ocrx_word' id='word_1_145' title='bbox 485 2516 557 2592; x_wconf 91' lang='lat' dir='ltr'>Dei</span> <span class='ocrx_word' id='word_1_146' title='bbox 582 2519 758 2612; x_wconf 87' lang='lat' dir='ltr'>appellata</span> <span class='ocrx_word' id='word_1_147' title='bbox 782 2541 864 2592; x_wconf 92' lang='lat' dir='ltr'>cum</span> <span class='ocrx_word' id='word_1_148' title='bbox 890 2515 1097 2611; x_wconf 80' lang='lat' dir='ltr'>reperiunt,</span> <span class='ocrx_word' id='word_1_149' title='bbox 1125 2520 1255 2592; x_wconf 86' lang='lat' dir='ltr'>oculos</span> <span class='ocrx_word' id='word_1_150' title='bbox 1281 2516 1354 2594; x_wconf 83' lang='lat' dir='ltr'>Dei</span> 
     </span>
     <span class='ocr_line' id='line_1_22' title="bbox 285 2615 1353 2712; baseline 0.002 -22"><span class='ocrx_word' id='word_1_151' title='bbox 285 2616 515 2712; x_wconf 81' lang='lat' dir='ltr'>respicientes</span> <span class='ocrx_word' id='word_1_152' title='bbox 543 2632 702 2712; x_wconf 87' lang='lat' dir='ltr'>terram,</span> <span class='ocrx_word' id='word_1_153' title='bbox 736 2619 771 2691; x_wconf 74' lang='grc' dir='ltr'>δι</span> <span class='ocrx_word' id='word_1_154' title='bbox 796 2639 898 2692; x_wconf 87' lang='lat' dir='ltr'>aures</span> <span class='ocrx_word' id='word_1_155' title='bbox 930 2617 1005 2708; x_wconf 88' lang='lat' dir='ltr'>ejus</span> <span class='ocrx_word' id='word_1_156' title='bbox 1029 2619 1186 2692; x_wconf 88' lang='lat' dir='ltr'>intentas</span> <span class='ocrx_word' id='word_1_157' title='bbox 1215 2615 1284 2692; x_wconf 76' lang='lat' dir='ltr'>elie</span> <span class='ocrx_word' id='word_1_158' title='bbox 1307 2618 1353 2692; x_wconf 84' lang='lat' dir='ltr'>ad</span> 
     </span>
     <span class='ocr_line' id='line_1_23' title="bbox 310 2715 1352 2811; baseline -0.001 -22"><span class='ocrx_word' id='word_1_159' title='bbox 310 2715 619 2809; x_wconf 79' lang='lat' dir='ltr'>recesjustorum‚</span> <span class='ocrx_word' id='word_1_160' title='bbox 646 2717 700 2809; x_wconf 83' lang='lat'>&amp;‚</span> <span class='ocrx_word' id='word_1_161' title='bbox 726 2718 832 2811; x_wconf 79' lang='lat' dir='ltr'>olfecit</span> <span class='ocrx_word' id='word_1_162' title='bbox 847 2721 1005 2790; x_wconf 82' lang='lat' dir='ltr'>Dominus</span> <span class='ocrx_word' id='word_1_163' title='bbox 1023 2719 1139 2787; x_wconf 82' lang='lat' dir='ltr'>odorem</span> <span class='ocrx_word' id='word_1_164' title='bbox 1150 2718 1352 2806; x_wconf 80' lang='lat' dir='ltr'>suauitatis,</span> 
     </span>
     <span class='ocr_line' id='line_1_24' title="bbox 284 2738 1353 2914; baseline 0.002 -26"><span class='ocrx_word' id='word_1_165' title='bbox 284 2738 343 2898; x_wconf 59' lang='lat' dir='ltr'>gt,</span> <span class='ocrx_word' id='word_1_166' title='bbox 368 2844 402 2888; x_wconf 87' lang='lat' dir='ltr'>os</span> <span class='ocrx_word' id='word_1_167' title='bbox 419 2821 556 2889; x_wconf 78' lang='lat' dir='ltr'>Domini</span> <span class='ocrx_word' id='word_1_168' title='bbox 569 2820 704 2888; x_wconf 71' lang='lat' dir='ltr'>hortium</span> <span class='ocrx_word' id='word_1_169' title='bbox 716 2818 756 2914; x_wconf 77' lang='lat' dir='ltr'>est</span> <span class='ocrx_word' id='word_1_170' title='bbox 770 2818 846 2914; x_wconf 55' lang='lat' dir='ltr'>elio,</span> <span class='ocrx_word' id='word_1_171' title='bbox 873 2818 907 2890; x_wconf 70' lang='grc' dir='ltr'>ἃ</span> <span class='ocrx_word' id='word_1_172' title='bbox 922 2815 1105 2889; x_wconf 83' lang='lat' dir='ltr'>brachium</span> <span class='ocrx_word' id='word_1_173' title='bbox 1117 2816 1212 2910; x_wconf 87' lang='lat' dir='ltr'>Dei,</span> <span class='ocrx_word' id='word_1_174' title='bbox 1236 2815 1353 2890; x_wconf 83' lang='lat' dir='ltr'>&amp;ma-</span> 
     </span>
     <span class='ocr_line' id='line_1_25' title="bbox 286 2909 1354 3013; baseline -0.003 -22"><span class='ocrx_word' id='word_1_175' title='bbox 286 2937 381 3008; x_wconf 90' lang='lat' dir='ltr'>nus‚</span> <span class='ocrx_word' id='word_1_176' title='bbox 410 2915 444 2988; x_wconf 87' lang='lat'>&amp;</span> <span class='ocrx_word' id='word_1_177' title='bbox 463 2915 601 3010; x_wconf 86' lang='lat' dir='ltr'>pedes,</span> <span class='ocrx_word' id='word_1_178' title='bbox 627 2915 831 3013; x_wconf 63' lang='lat' dir='ltr'>&amp;digitum</span> <span class='ocrx_word' id='word_1_179' title='bbox 858 2909 971 2990; x_wconf 87' lang='lat' dir='ltr'>statim</span> <span class='ocrx_word' id='word_1_180' title='bbox 992 2913 1179 3007; x_wconf 84' lang='lat' dir='ltr'>inferunt,</span> <span class='ocrx_word' id='word_1_181' title='bbox 1205 2913 1282 2990; x_wconf 85' lang='lat' dir='ltr'>haec</span> <span class='ocrx_word' id='word_1_182' title='bbox 1301 2915 1354 2989; x_wconf 89' lang='lat' dir='ltr'>ui·</span> 
     </span>
     <span class='ocr_line' id='line_1_26' title="bbox 286 3012 1353 3111; baseline -0.003 -20"><span class='ocrx_word' id='word_1_183' title='bbox 286 3016 339 3091; x_wconf 88' lang='lat' dir='ltr'>hil</span> <span class='ocrx_word' id='word_1_184' title='bbox 360 3017 453 3089; x_wconf 85' lang='lat' dir='ltr'>aliud</span> <span class='ocrx_word' id='word_1_185' title='bbox 470 3016 626 3108; x_wconf 85' lang='lat' dir='ltr'>docere,</span> <span class='ocrx_word' id='word_1_186' title='bbox 653 3037 756 3108; x_wconf 89' lang='lat' dir='ltr'>quam</span> <span class='ocrx_word' id='word_1_187' title='bbox 774 3012 926 3089; x_wconf 86' lang='lat' dir='ltr'>formam</span> <span class='ocrx_word' id='word_1_188' title='bbox 949 3015 1032 3089; x_wconf 89' lang='lat' dir='ltr'>Dei.</span> <span class='ocrx_word' id='word_1_189' title='bbox 1069 3015 1271 3111; x_wconf 87' lang='lat' dir='ltr'>Quomodo</span> <span class='ocrx_word' id='word_1_190' title='bbox 1289 3037 1353 3089; x_wconf 89' lang='lat' dir='ltr'>ve·</span> 
     </span>
     <span class='ocr_line' id='line_1_27' title="bbox 238 3113 1351 3211; baseline -0.005 -17"><span class='ocrx_word' id='word_1_191' title='bbox 238 3127 240 3194; x_wconf 77' lang='grc' dir='ltr'>Ξ</span> <span class='ocrx_word' id='word_1_192' title='bbox 285 3131 358 3207; x_wconf 88' lang='lat' dir='ltr'>ro,</span> <span class='ocrx_word' id='word_1_193' title='bbox 384 3116 503 3208; x_wconf 86' lang='lat' dir='ltr'>aiunt,</span> <span class='ocrx_word' id='word_1_194' title='bbox 529 3113 624 3188; x_wconf 86' lang='lat' dir='ltr'>visus</span> <span class='ocrx_word' id='word_1_195' title='bbox 640 3115 690 3188; x_wconf 91' lang='lat' dir='ltr'>est</span> <span class='ocrx_word' id='word_1_196' title='bbox 705 3116 804 3188; x_wconf 88' lang='lat' dir='ltr'>Deus</span> <span class='ocrx_word' id='word_1_197' title='bbox 821 3114 997 3207; x_wconf 75' lang='lat' dir='ltr'>Abrahae,</span> <span class='ocrx_word' id='word_1_198' title='bbox 1022 3113 1140 3207; x_wconf 77' lang='lat' dir='ltr'>Most,</span> <span class='ocrx_word' id='word_1_199' title='bbox 1166 3113 1351 3211; x_wconf 70' lang='lat' dir='ltr'>asanais,</span> 
     </span>
     <span class='ocr_line' id='line_1_28' title="bbox 237 3209 1353 3316; baseline 0 -27"><span class='ocrx_word' id='word_1_200' title='bbox 237 3249 244 3316; x_wconf 64' lang='lat' dir='ltr'>p</span> <span class='ocrx_word' id='word_1_201' title='bbox 285 3215 442 3290; x_wconf 82' lang='lat' dir='ltr'>formam</span> <span class='ocrx_word' id='word_1_202' title='bbox 458 3236 534 3288; x_wconf 91' lang='lat' dir='ltr'>non</span> <span class='ocrx_word' id='word_1_203' title='bbox 551 3212 716 3288; x_wconf 76' lang='lat' dir='ltr'>habens?</span> <span class='ocrx_word' id='word_1_204' title='bbox 743 3214 885 3306; x_wconf 74' lang='lat' dir='ltr'>quodsi</span> <span class='ocrx_word' id='word_1_205' title='bbox 910 3209 1060 3288; x_wconf 87' lang='lat' dir='ltr'>formam</span> <span class='ocrx_word' id='word_1_206' title='bbox 1081 3211 1243 3308; x_wconf 86' lang='lat' dir='ltr'>habens,</span> <span class='ocrx_word' id='word_1_207' title='bbox 1270 3237 1353 3308; x_wconf 91' lang='lat' dir='ltr'>qua·</span> 
     </span>
     <span class='ocr_line' id='line_1_29' title="bbox 286 3309 1354 3405; baseline 0 -15"><span class='ocrx_word' id='word_1_208' title='bbox 286 3315 361 3390; x_wconf 89' lang='lat' dir='ltr'>lem</span> <span class='ocrx_word' id='word_1_209' title='bbox 379 3313 556 3405; x_wconf 84' lang='lat' dir='ltr'>formam,</span> <span class='ocrx_word' id='word_1_210' title='bbox 581 3314 698 3388; x_wconf 84' lang='lat' dir='ltr'>finon</span> <span class='ocrx_word' id='word_1_211' title='bbox 723 3309 939 3389; x_wconf 69' lang='lat' dir='ltr'>humanam?</span> <span class='ocrx_word' id='word_1_212' title='bbox 973 3314 1248 3388; x_wconf 84' lang='lat' dir='ltr'>&amp;coacervant</span> <span class='ocrx_word' id='word_1_213' title='bbox 1275 3316 1354 3390; x_wconf 89' lang='lat' dir='ltr'>mil-</span> 
     </span>
     <span class='ocr_line' id='line_1_30' title="bbox 237 3410 1352 3538; baseline 0 -48"><span class='ocrx_word' id='word_1_214' title='bbox 237 3449 244 3538; x_wconf 55' lang='lat'>3·</span> <span class='ocrx_word' id='word_1_215' title='bbox 287 3415 323 3490; x_wconf 89' lang='lat' dir='ltr'>le</span> <span class='ocrx_word' id='word_1_216' title='bbox 342 3415 446 3508; x_wconf 87' lang='lat' dir='ltr'>loca,</span> <span class='ocrx_word' id='word_1_217' title='bbox 473 3414 599 3507; x_wconf 91' lang='lat' dir='ltr'>quibus</span> <span class='ocrx_word' id='word_1_218' title='bbox 614 3416 775 3529; x_wconf 83' lang='lat' dir='ltr'>membra</span> <span class='ocrx_word' id='word_1_219' title='bbox 791 3414 863 3486; x_wconf 88' lang='lat' dir='ltr'>Dei</span> <span class='ocrx_word' id='word_1_220' title='bbox 880 3414 1114 3531; x_wconf 79' lang='lat' dir='ltr'>appellantur.</span> <span class='ocrx_word' id='word_1_221' title='bbox 1165 3410 1352 3532; x_wconf 72' lang='lat' dir='ltr'>Arluersus</span> 
     </span>
     <span class='ocr_line' id='line_1_31' title="bbox 240 3509 1352 3709; baseline 0.021 -43"><span class='ocrx_word' id='word_1_222' title='bbox 240 3659 243 3666; x_wconf 82' lang='grc'><strong>,</strong></span> <span class='ocrx_word' id='word_1_223' title='bbox 284 3509 949 3708; x_wconf 66' lang='lat' dir='ltr'>retuturmtuuutf</span> <span class='ocrx_word' id='word_1_224' title='bbox 972 3509 1352 3709; x_wconf 61' lang='lat' dir='ltr'>atterritus</span> 
     </span>
     <span class='ocr_line' id='line_1_32' title="bbox 287 3711 1354 3807; baseline -0.001 -19"><span class='ocrx_word' id='word_1_225' title='bbox 287 3713 377 3788; x_wconf 86' lang='lat' dir='ltr'>nihil</span> <span class='ocrx_word' id='word_1_226' title='bbox 395 3728 553 3804; x_wconf 81' lang='lat' dir='ltr'>norunt,</span> <span class='ocrx_word' id='word_1_227' title='bbox 580 3711 761 3806; x_wconf 75' lang='lat' dir='ltr'>scriptura</span> <span class='ocrx_word' id='word_1_228' title='bbox 788 3712 901 3786; x_wconf 87' lang='lat' dir='ltr'>verba</span> <span class='ocrx_word' id='word_1_229' title='bbox 923 3733 1049 3788; x_wconf 87' lang='lat' dir='ltr'>eorum</span> <span class='ocrx_word' id='word_1_230' title='bbox 1077 3713 1243 3807; x_wconf 89' lang='lat' dir='ltr'>opinioni</span> <span class='ocrx_word' id='word_1_231' title='bbox 1264 3734 1354 3787; x_wconf 89' lang='lat' dir='ltr'>cou-</span> 
     </span>
     <span class='ocr_line' id='line_1_33' title="bbox 286 3807 1352 3912; baseline 0 -28"><span class='ocrx_word' id='word_1_232' title='bbox 286 3813 419 3912; x_wconf 73' lang='lat' dir='ltr'>cl&#39;aria,</span> <span class='ocrx_word' id='word_1_233' title='bbox 445 3833 489 3886; x_wconf 78' lang='lat' dir='ltr'>ex</span> <span class='ocrx_word' id='word_1_234' title='bbox 503 3807 674 3887; x_wconf 80' lang='lat' dir='ltr'>Zacharia</span> <span class='ocrx_word' id='word_1_235' title='bbox 688 3810 849 3887; x_wconf 81' lang='lat' dir='ltr'>dicente:</span> <span class='ocrx_word' id='word_1_236' title='bbox 878 3813 999 3905; x_wconf 80' lang='lat' dir='ltr'>Septem</span> <span class='ocrx_word' id='word_1_237' title='bbox 1010 3816 1090 3885; x_wconf 77' lang='lat' dir='ltr'>oculi</span> <span class='ocrx_word' id='word_1_238' title='bbox 1107 3819 1243 3884; x_wconf 78' lang='lat' dir='ltr'>Domini</span> <span class='ocrx_word' id='word_1_239' title='bbox 1259 3819 1352 3909; x_wconf 66' lang='lat' dir='ltr'>respi-</span> 
     </span>
     <span class='ocr_line' id='line_1_34' title="bbox 237 3909 1353 4013; baseline 0.003 -27"><span class='ocrx_word' id='word_1_240' title='bbox 237 3919 255 3986; x_wconf 79' lang='lat' dir='ltr'>l..</span> <span class='ocrx_word' id='word_1_241' title='bbox 289 3918 384 3984; x_wconf 74' lang='lat' dir='ltr'>ciunt</span> <span class='ocrx_word' id='word_1_242' title='bbox 397 3913 438 4002; x_wconf 85' lang='lat' dir='ltr'>su</span> <span class='ocrx_word' id='word_1_243' title='bbox 459 3934 493 3982; x_wconf 78' lang='lat' dir='ltr'>et</span> <span class='ocrx_word' id='word_1_244' title='bbox 519 3914 699 4001; x_wconf 80' lang='lat' dir='ltr'>uniuersum</span> <span class='ocrx_word' id='word_1_245' title='bbox 726 3931 854 3988; x_wconf 84' lang='lat' dir='ltr'>terram.</span> <span class='ocrx_word' id='word_1_246' title='bbox 908 3912 1062 4013; x_wconf 76' lang='lat' dir='ltr'>Quodsi</span> <span class='ocrx_word' id='word_1_247' title='bbox 1090 3909 1191 3986; x_wconf 83' lang='lat' dir='ltr'>Deus</span> <span class='ocrx_word' id='word_1_248' title='bbox 1217 3911 1353 4009; x_wconf 83' lang='lat' dir='ltr'>septem</span> 
     </span>
     <span class='ocr_line' id='line_1_35' title="bbox 237 3932 1352 4192; baseline 0.003 -106"><span class='ocrx_word' id='word_1_249' title='bbox 237 3995 243 4192; x_wconf 67' lang='lat'>;</span> <span class='ocrx_word' id='word_1_250' title='bbox 288 4013 420 4190; x_wconf 46' lang='lat' dir='ltr'>ooalrps</span> <span class='ocrx_word' id='word_1_251' title='bbox 438 3932 574 4186; x_wconf 39' lang='lat' dir='ltr'>iabep,</span> <span class='ocrx_word' id='word_1_252' title='bbox 599 4025 802 4190; x_wconf 49' lang='grc' dir='ltr'>πιὶξιιιῑοιη</span> <span class='ocrx_word' id='word_1_253' title='bbox 819 4010 910 4091; x_wconf 84' lang='lat' dir='ltr'>duos</span> <span class='ocrx_word' id='word_1_254' title='bbox 924 4025 1089 4190; x_wconf 51' lang='grc' dir='ltr'>ξέιῑυω,</span> <span class='ocrx_word' id='word_1_255' title='bbox 1114 4030 1192 4088; x_wconf 89' lang='lat' dir='ltr'>nou</span> <span class='ocrx_word' id='word_1_256' title='bbox 1208 4013 1252 4128; x_wconf 77' lang='lat' dir='ltr'>ad</span> <span class='ocrx_word' id='word_1_257' title='bbox 1268 4015 1352 4089; x_wconf 88' lang='lat' dir='ltr'>ima·</span> 
     </span>
     <span class='ocr_line' id='line_1_36' title="bbox 396 4133 1324 4216; baseline 0.008 -32"><span class='ocrx_word' id='word_1_258' title='bbox 396 4137 488 4216; x_wconf 70' lang='lat' dir='ltr'>gamer</span> <span class='ocrx_word' id='word_1_259' title='bbox 546 4135 604 4187; x_wconf 77' lang='lat' dir='ltr'>em.</span> <span class='ocrx_word' id='word_1_260' title='bbox 665 4164 677 4192; x_wconf 82' lang='lat'><strong>.</strong></span> <span class='ocrx_word' id='word_1_261' title='bbox 1193 4133 1324 4214; x_wconf 47' lang='lat' dir='ltr'>{mem</span> 
     </span>
    </p>
   </div>
   <div class='ocr_carea' id='block_1_3' title="bbox 0 0 1718 4692">
    <p class='ocr_par' dir='ltr' id='par_1_3' title="bbox 0 0 1718 4692">
     <span class='ocr_line' id='line_1_37' title="bbox 0 0 1718 4692; baseline 0 0"><span class='ocrx_word' id='word_1_262' title='bbox 0 0 1718 4692; x_wconf 95' lang='lat' dir='ltr'> </span> 
     </span>
    </p>
   </div>
  </div>
 </body>
</html>
