3417 4692
439 391 506 470 ru
530 383 813 470 cnursru
836 365 1115 468 uourtrn
1139 386 1167 468 1.
1270 411 1340 491 ur

280 556 320 628 in
354 556 460 630 nobis
485 556 590 649 ipsis,
615 511 758 647 idest,
785 555 945 630 omnium
975 557 1157 630 bonorum
1189 574 1341 649 operum

285 656 520 748 omniumque
539 657 715 729 virtutum
736 656 865 729 semina
886 657 923 736 in
942 655 1052 729 corde
1071 655 1205 738 nostro,
1223 657 1340 728 conti·

281 775 400 826 nere:
433 767 475 827 ut
497 758 573 828 haec
591 757 763 829 habentes
783 754 856 829 fixa
879 756 916 828 in
937 757 1116 829 mentibus
1136 753 1264 828 nostris
1293 777 1341 831 ex

280 853 374 944 ipsis·
379 855 450 945 jam
469 875 595 928 omnes
611 853 728 945 atius,
755 856 816 948 qui
832 856 1049 928 incurrerint
1067 856 1190 940 nobis,
1218 853 1342 930 secun·

281 955 369 1026 dum
381 952 548 1045 justitiam
572 975 745 1050 geramus.
795 953 853 1028 isti
878 953 957 1027 sunt
978 957 1071 1028 euim
1089 953 1226 1030 seminis
1247 956 1342 1030 illius

280 1052 444 1144 studius,
472 1052 566 1126 auus
584 1051 714 1145 nostri,
735 1055 795 1145 qui
810 1077 855 1128 ex
870 1058 973 1128 bono
996 1055 1115 1128 cordis
1136 1053 1247 1127 nostri
1261 1056 1342 1130 ther

282 1147 388 1226 sauro
402 1151 645 1245 proferuntur.
679 1154 716 1227 Si
732 1175 824 1227 vero
843 1153 1001 1228 audimus
1019 1154 1159 1246 quidem
1174 1157 1341 1247 verbum,

284 1251 319 1324 dc
338 1253 521 1324 exauditu
537 1252 651 1328 statim
671 1267 767 1327 terra
782 1254 903 1326 nostra
922 1255 1092 1346 producit
1112 1254 1278 1346 herbam,
1304 1254 1342 1325 dt

283 1350 362 1424 hacc
380 1351 490 1425 herba
512 1371 702 1445 antequam
723 1354 766 1427 ad
782 1354 1022 1428 maturitatem
1040 1355 1102 1427 νε]
1123 1352 1167 1426 td
1186 1351 1342 1428 nauum

284 1449 432 1542 veniat,
465 1454 621 1546 aruerit,
653 1468 750 1525 terra
780 1450 902 1526 nostra
927 1453 1070 1545 petrosa
1094 1449 1342 1546 appellabitur.

285 1547 431 1622 sivero
455 1573 517 1642 ea,
541 1574 617 1643 qua
634 1552 800 1625 dicuntur
817 1550 1112 1644 profundioribus
1130 1554 1290 1628 nitantur
1302 1551 1345 1631 in

286 1648 399 1721 corde
425 1648 550 1724 nostro
577 1651 782 1743 radicibus,
813 1652 865 1724 ita
882 1667 924 1723 ut
952 1650 986 1724 ἃ
1013 1649 1165 1725 fructum
1188 1671 1343 1743 operum

285 1745 438 1826 afferant
452 1773 468 1843 ,·
501 1750 532 1822 dr
555 1748 687 1823 semina
710 1753 746 1825 in
769 1748 804 1822 se
820 1747 980 1824 habeant
995 1750 1224 1843 futurorum,
1250 1762 1342 1822 tunc

284 1868 375 1919 vere
389 1851 667 1943 uniuscujusque
679 1849 838 1924 nostrum
850 1864 947 1922 terra
961 1849 1151 1923 secundum
1167 1850 1342 1924 virtutem

283 1945 380 2020 suam
401 1946 507 2021 affert
530 1949 705 2041 nauum,
731 1951 799 2023 alia
820 1949 1067 2040 centefimum,
1094 1951 1161 2022 alia
1176 1947 1345 2044 sexagesi-

286 2068 408 2137 mum,
443 2050 510 2122 alia
535 2049 761 2146 trigesimum.
812 2049 882 2122 Sed
912 2049 946 2119 dt
967 2049 1055 2122 iuud
1077 2047 1344 2122 admonendum

284 2144 482 2221 neceiiario
505 2147 693 2242 duximus,
718 2164 760 2220 ut
775 2147 908 2221 fruitus
922 2147 1043 2222 noster
1058 2147 1230 2240 nusquam
1249 2149 1342 2222 ziza·

285 2245 366 2337 nia,
393 2246 429 2317 id
444 2246 495 2319 est
509 2267 680 2339 nusquam
702 2250 827 2321 lolium
841 2248 989 2320 habeat:
1014 2260 1056 2319 ut
1072 2245 1344 2320 frustus'noster

285 2366 362 2418 non
376 2344 417 2417 fit
429 2343 528 2419 secus
541 2349 655 2439 viam,
683 2346 740 2420 sed
758 2348 795 2419 in
809 2344 881 2441 ipsa
896 2348 976 2439 via,
1003 2349 1039 2420 in
1052 2348 1132 2439 illa,
1150 2367 1225 2439 qua
1239 2346 1343 2439 dicit,

288 2447 354 2538 Ego
364 2445 436 2533 sum
457 2452 534 2533 via,
560 2444 771 2537 seminetur,
796 2447 920 2538 utique
936 2447 972 2518 in
996 2468 1060 2537 ea,
1085 2467 1131 2518 ne
1156 2467 1241 2518 aves
1262 2445 1344 2520 coeli

287 2543 481 2617 comedant
504 2544 637 2619 studius
656 2546 829 2639 nostros,
859 2566 979 2637 neque
1004 2547 1146 2620 vineam
1173 2543 1343 2618 nostram.

286 2644 321 2714 Si
336 2642 414 2733 quis
430 2657 549 2717 tamen
564 2644 725 2717 nostrum
740 2641 1118 2717 vineaeffcmeruerit:
1144 2642 1280 2733 videat,
1292 2663 1341 2714 ne

286 2763 355 2836 pro
373 2764 445 2815 uva
460 2742 586 2816 afferat
604 2742 734 2836 spinas:
761 2742 961 2835 &propter
976 2742 1050 2814 hoc
1066 2742 1137 2834 jam
1153 2762 1228 2814 nou
1240 2757 1344 2834 puta·

285 2842 405 2934 bitur,
431 2865 548 2933 neque
579 2844 760 2936 fodietur,
785 2863 903 2934 neque
924 2841 1147 2932 mandabitur
1168 2841 1345 2933 nubibus,

288 2956 328 3014 ut
344 2942 468 3033 pluant
489 2940 592 3036 super
609 2966 685 3017 eam
701 2943 884 3035 pluviam:
917 2939 976 3014 sed
992 2965 1013 3016 e
1036 2941 1220 3013 contrario
1239 2940 1348 3013 relin-

267 3055 418 3132 ¹quetur
433 3039 588 3134 deserta,
613 3055 656 3115 ut
668 3042 867 3138 increscant
887 3039 988 3133 super
1009 3063 1085 3113 eam
1101 3035 1217 3131 spina.

365 3163 399 3229 5.
419 3140 503 3213 Post
515 3143 590 3214 haec
605 3162 697 3214 vero
707 3143 779 3234 jam
791 3138 1051 3214 firmamentum
1063 3153 1220 3212 meretur
1236 3138 1344 3216 etiam

287 3241 519 3314 luminaribus
537 3241 713 3315 adornari.
775 3237 843 3311 Ait
863 3242 958 3313 euim
972 3239 1096 3312 Deus:
1130 3240 1345 3311 maurium}-

287 3343 385 3410 rum'a
398 3342 645 3433 infirmammra
664 3342 730 3410 coeli
740 3392 750 3422 ,
777 3355 815 3410 ut
830 3340 957 3409 luceam
968 3339 1216 3434 superterram,
1243 3336 1281 3412 (5
1296 3340 1345 3407 di·

281 3444 508 3510 bidentium
523 3442 601 3510 diem
617 3439 656 3517 σ
671 3438 801 3513 mum.
850 3437 952 3510 Sicut
968 3438 1004 3510 in
1021 3435 1247 3511 firmamento
1260 3435 1344 3528 isto,

287 3539 476 3632 quodiam
499 3541 625 3612 coelum
645 3539 764 3613 fuerat
789 3539 1003 3629 appellatum
1018 3538 1121 3630 jubet
1141 3537 1240 3610 Deus
1263 3533 1344 3626 fieti

287 3638 499 3730 luminaria,
524 3652 565 3710 ut
581 3637 742 3711 dividant
765 3640 859 3710 inter
884 3636 1038 3711 medium
1061 3637 1130 3710 diei
1150 3637 1184 3709 dc
1202 3633 1341 3709 nortis:

285 3736 385 3810 ita&
402 3738 439 3810 in
455 3737 561 3809 nobis
581 3734 660 3811 fieri
675 3736 812 3833 potest:
836 3734 863 3808 fi
878 3748 997 3808 tamen
1011 3734 1208 3810 studeamus
1223 3736 1258 3808 dc
1272 3753 1342 3806 nos

286 3838 415 3909 vocari
432 3836 465 3908 dc
485 3834 575 3909 effici
595 3838 748 3911 coelum:
781 3834 966 3932 luminaria
986 3835 1193 3908 habebimus
1216 3833 1254 3906 in
1274 3852 1343 3905 no·

285 3936 366 4029 bis,
393 3956 470 4027 quae
480 3936 684 4010 illuminent
694 3955 787 4028 nos,
814 3931 1239 4007 christumuucuefian
1253 3933 1341 4022 ejus.

284 4033 365 4129 lpse
384 4034 437 4109 est
456 4035 550 4112 enim
572 4034 797 4131 luxmundi,
822 4033 933 4125 qui&
952 4030 1148 4112 Eccleiiam
1166 4033 1343 4206 illuminat

833 4133 850 4210 1
878 4150 898 4226 ς
1257 4149 1316 4202 ua
