3417 4692
382 385 871 483 couuaurnars
895 398 961 476 su
985 395 1279 476 osuosru.
1332 418 1386 499 ς,

373 723 412 810 E
440 719 593 810 ΤΟΜ.
624 717 694 804 lll.
735 715 1325 808 COMMENTARIORUM

583 873 611 956 ,Ῑ
634 872 674 949 Ν
725 870 760 945 G
785 868 818 944 Ε
842 870 883 945 Ν
905 869 939 946 E
963 872 988 946 S
1012 872 1032 948 Ι
1057 872 1113 950 Μ.
1138 931 1141 936 -

613 1035 666 1108 Ar
677 1053 741 1133 cap.
759 1054 790 1108 1.
803 1033 886 1124 oerfi
903 1034 959 1107 16.
973 1029 1012 1112 ss
1017 1033 1084 1133 seq.
1381 1109 1385 1116 ,

314 1175 400 1332 Et
411 1175 495 1269 fecit
507 1180 603 1250 uus
629 1179 687 1248 duo
702 1177 877 1248 luminaria
895 1199 1030 1270 magna,
1055 1175 1214 1248 luminare
1235 1199 1386 1271 mmm

406 1283 445 1347 in
455 1281 674 1375 principatum
696 1279 776 1365 liei,
803 1276 843 1354 U
865 1276 1027 1348 luminare
1045 1281 1153 1348 minus
1170 1280 1208 1347 io
1221 1281 1388 1374 primipoa.

316 1394 386 1446 rum
409 1375 537 1463 nassis,
568 1386 606 1455 U
627 1378 754 1476 fissas:
778 1375 817 1453 ss
839 1376 943 1473 posuit
962 1403 998 1449 co
1020 1380 1111 1449 Deus
1128 1380 1167 1447 in
1179 1377 1386 1468 fimmmento

316 1478 404 1563 cali,
431 1495 470 1550 ut
492 1480 634 1551 lucerent
653 1479 748 1573 sapor
774 1493 895 1548 terram
912 1476 951 1555 ὅ
973 1473 1135 1576 praeeffcm
1150 1477 1213 1548 dici
1232 1503 1267 1550 u
1285 1475 1387 1554 meli.

316 1578 395 1672 Jam
417 1577 645 1669 quarendum
667 1577 718 1651 est
740 1576 829 1651 sune
849 1575 968 1671 idem,
1002 1581 1040 1650 in
1059 1581 1279 1673 principatum
1300 1581 1386 1666 liei,

316 1697 359 1747 ac
375 1675 467 1749 istud
483 1732 496 1771 ,
522 1695 559 1750 ut
570 1678 731 1775 praecffcut
745 1678 806 1748 dici
815 1703 828 1746 .·
853 1676 888 1749 &
907 1677 1017 1766 illud,
1045 1683 1083 1749 in
1096 1681 1313 1776 principatum
1327 1703 1387 1748 uo·

315 1774 399 1859 llis,
423 1777 518 1851 idem
534 1776 758 1869 sitacium,
785 1792 824 1848 at
837 1773 999 1873 paeeffint
1012 1775 1111 1851 russi.
1142 1774 1277 1870 Aquila
1289 1778 1388 1852 enim

316 1878 515 1973 analogiam
534 1875 723 1970 servavit,
762 1878 796 1950 ἀ
815 1897 884 1969 pro
913 1878 968 1952 his
992 1879 1141 1971 verbis,
1166 1882 1205 1947 in
1221 1882 1389 1976 principa·

315 1991 415 2063 mm,
451 1974 595 2071 posuit,
622 1983 658 2047 in
684 1977 886 2073 potestatem.-
908 1976 943 2048 ἁ
967 1977 1153 2070 prosilis,
1178 1994 1219 2049 rt
1234 1978 1413 2074 praefim„

316 2077 456 2167 vertit,
483 2078 707 2173 utporflaram
722 2080 872 2147 babeant.
917 2074 1035 2154 Aiunt
1048 2084 1184 2169 porro,
1209 2079 1268 2169 qui
1285 2077 1389 2174 ligni·

316 2172 427 2248 ficata
442 2175 643 2273 diligentius
658 2175 838 2271 persecuti
857 2173 957 2268 sunt,
983 2178 1021 2250 in
1035 2178 1076 2249 iis
1096 2176 1188 2249 locis
1203 2177 1242 2248 in
1257 2179 1390 2269 quibus

319 2275 372 2347 est
387 2278 667 2368 appellationum
691 2276 724 2349 δι
748 2276 1020 2367 praedicatorum
1035 2274 1262 2370 conjuntiio,
1289 2289 1390 2349 ante·

319 2376 451 2448 cedere
472 2397 534 2468 oa,
560 2397 638 2467 quae
656 2377 813 2472 gaudent
831 2375 1152 2468 appellationibus,
1179 2374 1277 2467 sequi
1292 2393 1391 2449 vero

317 2475 531 2568 praedicata3
558 2475 902 2570 &appellationem
919 2475 1060 2566 quidem
1081 2496 1157 2569 quae
1172 2475 1283 2549 habet
1301 2496 1391 2569 prae·¹

319 2575 498 2667 dicatum,
533 2571 626 2665 effe,
660 2576 765 2648 verbi
791 2574 904 2669 gratia
926 2576 1191 2668 intelligentiam
1222 2577 1392 2668 praedica-

320 2688 400 2750 tum
425 2686 544 2747 autem
568 2673 638 2747 elie
662 2677 847 2766 intelligere.
888 2671 1067 2748 similiter
1086 2671 1390 2767 appellationem

319 2780 587 2868 temperantiam
613 2774 845 2866 praedicatum
864 2789 1069 2868 temperatum
1091 2772 1165 2866 effi:
1199 2771 1234 2848 δι
1257 2793 1394 2867 praeces

320 2873 406 2945 dere
423 2873 564 2963 quidem
581 2873 706 2946 dicunt
722 2873 988 2966 intelligentiam
1014 2873 1206 2947 succedere
1224 2871 1394 2966 predica·

319 2986 420 3065 tum,
448 2973 491 3045 ab
512 2973 802 3067 intelligentiam,
830 2974 1017 3067 intelligere.
1050 2973 1140 3048 Haec
1156 2988 1301 3064 autem,
1327 2969 1393 3048 etst

322 3072 496 3162 aliquibus
519 3072 722 3146 videbimur
746 3085 873 3167 prater
902 3085 1060 3148 mentem
1086 3071 1268 3163 scriptura
1294 3070 1393 3144 face·

319 3190 382 3262 re,
409 3171 698 3244 observavimus:
725 3172 1015 3263 quandoquidem
1030 3172 1090 3264 qui
1103 3171 1191 3245 facit
1204 3171 1393 3252 luminaria

320 3269 450 3362 Deus,
477 3269 564 3344 facit
587 3292 753 3368 magnum
772 3273 810 3344 in
834 3272 1074 3366 principatum
1096 3271 1192 3361 diei,
1219 3270 1393 3346 &minus

319 3371 359 3442 in
376 3371 614 3463 principatum
629 3370 769 3463 noblis,
795 3374 901 3462 ponit
917 3388 1036 3446 autem
1050 3394 1093 3445 ea
1107 3372 1145 3446 in
1163 3369 1393 3464 firmamento

323 3471 430 3560 cccli,
457 3491 532 3542 non
549 3470 587 3541 in
604 3471 843 3563 principatum
861 3471 933 3544 diei
951 3472 985 3543 ἃ
1005 3470 1144 3563 noctis,
1170 3469 1229 3544 sed
1246 3484 1291 3544 ut
1305 3490 1394 3563 prae·

320 3568 391 3641 lint
407 3569 476 3642 diei
496 3570 655 3645 &nosti
708 3569 820 3669 Quod
842 3569 936 3643 enim
955 3572 1080 3644 ordine
1097 3570 1131 3643 δι
1147 3584 1395 3665 congruenter

325 3669 401 3760 ejus
425 3668 628 3759 sententia,
656 3670 717 3759 qui
737 3685 848 3742 artem
870 3670 1043 3765 Logicam
1072 3672 1257 3765 praecipit,
1283 3669 1319 3742 in
1346 3688 1394 3741 eo

321 3769 411 3841 loco
432 3768 530 3860 prius
551 3767 675 3863 posrtae
694 3769 762 3842 sint
787 3770 1074 3862 appellationes,
1121 3769 1250 3844 deiude
1271 3769 1395 3861 adJun·
1458 3809 1470 3827 =

323 3865 452 3963 gantur
471 3868 680 3961 praedicata,
696 3867 732 3940 id
749 3888 817 3941 nos
834 3869 879 3941 ad
888 3865 1287 3960 inquirendum'movit,
1304 3888 1395 3944 num

324 3987 401 4040 rem
425 3968 477 4040 ita
498 3966 533 4040 se
556 3967 691 4040 habere
721 3964 871 4058 Moyses
903 3967 1025 4042 servus
1057 3969 1128 4042 Dei
1152 3968 1397 4046 intellexeritt.

324 4066 505 4164 maxime,
532 4086 613 4143 eum
627 4067 657 4140 is
677 4066 737 4161 qui
752 4067 903 4144 omnino
921 4064 1424 4238 propsicintetpretag'tmm'
1468 4107 1470 4122 ÷

1291 4165 1384 4255 uu,
